timestamp,bid,ask,volume
2026-05-01 10:00:00.083770238,156.98851,157.00851,62
2026-05-01 10:00:00.221175686,156.98739,157.00739,4
2026-05-01 10:00:00.380353912,156.98778,157.00778,6
2026-05-01 10:00:00.969789632,156.9866,157.0066,90
2026-05-01 10:00:01.634675171,156.98771,157.00771,80
2026-05-01 10:00:01.734296528,156.98764,157.00764,72
2026-05-01 10:00:01.735233732,156.98773,157.00773,92
2026-05-01 10:00:01.749127928,156.98745,157.00745,16
2026-05-01 10:00:02.891116982,156.98822,157.00822,38
2026-05-01 10:00:02.954083962,156.98901,157.00901,49
2026-05-01 10:00:04.305159610,156.98934,157.00934,61
2026-05-01 10:00:04.704413481,156.98991,157.00991,65
2026-05-01 10:00:05.161382687,156.98969,157.00969,83
2026-05-01 10:00:05.684479871,156.99024,157.01024,50
2026-05-01 10:00:06.522013771,156.9899,157.0099,17
2026-05-01 10:00:06.792589926,156.9899,157.0099,28
2026-05-01 10:00:08.007078212,156.98963,157.00963,44
2026-05-01 10:00:09.247863792,156.98917,157.00917,12
2026-05-01 10:00:09.746105151,156.98848,157.00848,70
2026-05-01 10:00:10.284070170,156.98895,157.00895,71
2026-05-01 10:00:10.611519021,156.99026,157.01026,72
2026-05-01 10:00:11.268757378,156.99143,157.01143,3
2026-05-01 10:00:14.343373577,156.99017,157.01017,49
2026-05-01 10:00:16.901811845,156.99146,157.01146,21
2026-05-01 10:00:18.951520173,156.99114,157.01114,8
2026-05-01 10:00:21.750273764,156.99174,157.01174,64
2026-05-01 10:00:22.475889766,156.99084,157.01084,92
2026-05-01 10:00:23.171497950,156.99098,157.01098,59
2026-05-01 10:00:26.325441681,156.99129,157.01129,30
2026-05-01 10:00:26.781557890,156.98981,157.00981,32
2026-05-01 10:00:27.503443141,156.99042,157.01042,75
2026-05-01 10:00:27.578091602,156.99176,157.01176,20
2026-05-01 10:00:28.212299647,156.99159,157.01159,16
2026-05-01 10:00:30.149594121,156.99295,157.01295,25
2026-05-01 10:00:31.388975687,156.99276,157.01276,60
2026-05-01 10:00:31.415541482,156.99361,157.01361,45
2026-05-01 10:00:33.350565633,156.99139,157.01139,9
2026-05-01 10:00:35.567862727,156.99381,157.01381,51
2026-05-01 10:00:36.183624230,156.9953,157.0153,61
2026-05-01 10:00:36.443403692,156.99502,157.01502,40
2026-05-01 10:00:37.653217508,156.99305,157.01305,61
2026-05-01 10:00:38.257024812,156.99334,157.01334,67
2026-05-01 10:00:38.334172111,156.99189,157.01189,80
2026-05-01 10:00:38.512718598,156.99234,157.01234,76
2026-05-01 10:00:39.641753955,156.99275,157.01275,15
2026-05-01 10:00:39.759243289,156.99181,157.01181,53
2026-05-01 10:00:40.545451785,156.99293,157.01293,4
2026-05-01 10:00:41.462355586,156.99373,157.01373,23
2026-05-01 10:00:41.548761309,156.99471,157.01471,27
2026-05-01 10:00:42.226040787,156.99472,157.01472,37
2026-05-01 10:00:43.538710924,156.9933,157.0133,77
2026-05-01 10:00:44.523523014,156.99428,157.01428,43
2026-05-01 10:00:45.929112527,156.99401,157.01401,37
2026-05-01 10:00:45.978276361,156.99262,157.01262,85
2026-05-01 10:00:46.543376085,156.99397,157.01397,29
2026-05-01 10:00:48.874852969,156.99607,157.01607,29
2026-05-01 10:00:49.521327981,156.99603,157.01603,49
2026-05-01 10:00:50.055339824,156.99819,157.01819,75
2026-05-01 10:00:50.272285538,156.99828,157.01828,51
2026-05-01 10:00:51.061051975,156.9979,157.0179,50
2026-05-01 10:00:51.095033963,156.99727,157.01727,28
2026-05-01 10:00:52.941920791,156.99891,157.01891,74
2026-05-01 10:00:52.976373302,156.99813,157.01813,5
2026-05-01 10:00:53.734611003,156.99886,157.01886,56
2026-05-01 10:00:54.452699842,156.9983,157.0183,64
2026-05-01 10:00:55.181035074,156.99784,157.01784,89
2026-05-01 10:00:56.459453557,156.99887,157.01887,97
2026-05-01 10:00:58.379017580,156.99849,157.01849,17
2026-05-01 10:00:59.903584035,156.99809,157.01809,97
2026-05-01 10:01:00.153870039,156.99922,157.01922,89
2026-05-01 10:01:00.218509513,157.00082,157.02082,97
2026-05-01 10:01:00.850771649,157.00146,157.02146,55
2026-05-01 10:01:01.168165971,157.00081,157.02081,9
2026-05-01 10:01:02.056818660,157.0003,157.0203,91
2026-05-01 10:01:03.815652816,157.00038,157.02038,89
2026-05-01 10:01:05.076977370,157.0007,157.0207,68
2026-05-01 10:01:05.189963378,156.99971,157.01971,73
2026-05-01 10:01:05.426651648,157.00043,157.02043,79
2026-05-01 10:01:05.506905221,157.00052,157.02052,16
2026-05-01 10:01:05.991961323,156.9988,157.0188,16
2026-05-01 10:01:06.218771639,156.99787,157.01787,13
2026-05-01 10:01:06.246462902,156.99737,157.01737,78
2026-05-01 10:01:06.539436519,156.9973,157.0173,86
2026-05-01 10:01:06.618161538,156.99919,157.01919,85
2026-05-01 10:01:07.034093488,156.99943,157.01943,73
2026-05-01 10:01:07.187662755,156.99858,157.01858,63
2026-05-01 10:01:07.283665100,156.99881,157.01881,41
2026-05-01 10:01:08.680468983,156.99845,157.01845,53
2026-05-01 10:01:09.842555445,156.99878,157.01878,68
2026-05-01 10:01:10.350101418,156.99936,157.01936,74
2026-05-01 10:01:10.758378502,157.00057,157.02057,99
2026-05-01 10:01:11.357007536,157.00054,157.02054,9
2026-05-01 10:01:11.451512120,157.00218,157.02218,51
2026-05-01 10:01:11.778490088,157.00309,157.02309,48
2026-05-01 10:01:11.847191940,157.00238,157.02238,80
2026-05-01 10:01:12.338263594,157.00459,157.02459,49
2026-05-01 10:01:12.944524999,157.00492,157.02492,18
2026-05-01 10:01:14.048370736,157.00408,157.02408,10
2026-05-01 10:01:15.695216699,157.00574,157.02574,85
2026-05-01 10:01:16.824914444,157.00782,157.02782,54
2026-05-01 10:01:17.150143406,157.00778,157.02778,79
2026-05-01 10:01:17.839802173,157.00728,157.02728,15
2026-05-01 10:01:18.031090658,157.00711,157.02711,11
2026-05-01 10:01:19.169966341,157.00782,157.02782,40
2026-05-01 10:01:19.425103886,157.0091,157.0291,47
2026-05-01 10:01:21.378263440,157.00967,157.02967,20
2026-05-01 10:01:21.746242325,157.00977,157.02977,98
2026-05-01 10:01:22.005610237,157.01127,157.03127,22
2026-05-01 10:01:22.209480869,157.01096,157.03096,48
2026-05-01 10:01:22.987301181,157.01199,157.03199,82
2026-05-01 10:01:23.667887338,157.0117,157.0317,16
2026-05-01 10:01:23.843276422,157.01213,157.03213,5
2026-05-01 10:01:24.287597262,157.01202,157.03202,65
2026-05-01 10:01:24.815109263,157.01196,157.03196,83
2026-05-01 10:01:25.473696019,157.01158,157.03158,74
2026-05-01 10:01:26.421796363,157.01293,157.03293,21
2026-05-01 10:01:26.903534164,157.0122,157.0322,61
2026-05-01 10:01:27.142440787,157.01146,157.03146,77
2026-05-01 10:01:27.181021691,157.01358,157.03358,55
2026-05-01 10:01:27.269577436,157.01455,157.03455,24
2026-05-01 10:01:27.512217766,157.01217,157.03217,23
2026-05-01 10:01:27.528754637,157.0116,157.0316,87
2026-05-01 10:01:27.694814999,157.00979,157.02979,11
2026-05-01 10:01:29.309061196,157.00884,157.02884,47
2026-05-01 10:01:30.774143825,157.0057,157.0257,2
2026-05-01 10:01:31.846653893,157.00557,157.02557,70
2026-05-01 10:01:31.911070928,157.00442,157.02442,53
2026-05-01 10:01:32.315876476,157.00448,157.02448,11
2026-05-01 10:01:32.861782484,157.00286,157.02286,15
2026-05-01 10:01:33.613849277,157.00294,157.02294,73
2026-05-01 10:01:33.673536666,157.00253,157.02253,12
2026-05-01 10:01:34.280087436,157.00403,157.02403,36
2026-05-01 10:01:35.247452918,157.00544,157.02544,92
2026-05-01 10:01:35.624664901,157.00622,157.02622,23
2026-05-01 10:01:38.206890018,157.0059,157.0259,27
2026-05-01 10:01:38.513386276,157.00788,157.02788,88
2026-05-01 10:01:38.967988881,157.00633,157.02633,14
2026-05-01 10:01:39.807378572,157.00493,157.02493,54
2026-05-01 10:01:40.432934581,157.00484,157.02484,99
2026-05-01 10:01:40.904526187,157.0071,157.0271,27
2026-05-01 10:01:42.215768196,157.00689,157.02689,21
2026-05-01 10:01:43.069999202,157.00671,157.02671,49
2026-05-01 10:01:43.546411719,157.00527,157.02527,62
2026-05-01 10:01:43.633118134,157.00622,157.02622,77
2026-05-01 10:01:44.721592808,157.00717,157.02717,72
2026-05-01 10:01:45.792398315,157.00796,157.02796,44
2026-05-01 10:01:46.964082054,157.00733,157.02733,44
2026-05-01 10:01:47.639791950,157.00662,157.02662,98
2026-05-01 10:01:47.720627445,157.00533,157.02533,61
2026-05-01 10:01:47.989202715,157.00541,157.02541,42
2026-05-01 10:01:48.796926344,157.00433,157.02433,23
2026-05-01 10:01:49.906845451,157.00315,157.02315,73
2026-05-01 10:01:50.843220177,157.00273,157.02273,1
2026-05-01 10:01:51.287639007,157.00224,157.02224,36
2026-05-01 10:01:52.631726213,157.0017,157.0217,55
2026-05-01 10:01:54.034110803,157.00217,157.02217,16
2026-05-01 10:01:55.402726476,157.00225,157.02225,89
2026-05-01 10:01:56.097453879,157.00196,157.02196,18
2026-05-01 10:01:56.642860844,157.00214,157.02214,98
2026-05-01 10:01:56.952791108,157.00115,157.02115,38
2026-05-01 10:01:59.432368280,157.00126,157.02126,67
2026-05-01 10:01:59.465860554,157.00141,157.02141,20
2026-05-01 10:02:00.035164317,156.99991,157.01991,19
2026-05-01 10:02:01.772159435,157.0009,157.0209,13
2026-05-01 10:02:02.023187204,157.00002,157.02002,17
2026-05-01 10:02:02.177731071,157.00011,157.02011,78
2026-05-01 10:02:05.987140709,157.00127,157.02127,30
2026-05-01 10:02:06.377016239,157.0022,157.0222,86
2026-05-01 10:02:08.692330080,157.00223,157.02223,43
2026-05-01 10:02:09.296619001,157.00187,157.02187,48
2026-05-01 10:02:09.647200323,157.00282,157.02282,43
2026-05-01 10:02:09.808864504,157.00349,157.02349,93
2026-05-01 10:02:09.830470741,157.00288,157.02288,66
2026-05-01 10:02:10.183863880,157.00208,157.02208,53
2026-05-01 10:02:10.393323510,157.00001,157.02001,72
2026-05-01 10:02:10.493095529,157.00016,157.02016,78
2026-05-01 10:02:11.197144691,157.00008,157.02008,34
2026-05-01 10:02:11.274595269,157.00122,157.02122,77
2026-05-01 10:02:12.161215529,157.00158,157.02158,74
2026-05-01 10:02:12.180364794,157.00291,157.02291,72
2026-05-01 10:02:12.412871141,157.00221,157.02221,71
2026-05-01 10:02:13.376952570,157.00335,157.02335,13
2026-05-01 10:02:15.942325748,157.00282,157.02282,90
2026-05-01 10:02:17.112546774,157.0036,157.0236,56
2026-05-01 10:02:17.635879894,157.00214,157.02214,59
2026-05-01 10:02:17.728558348,157.00238,157.02238,32
2026-05-01 10:02:17.843049577,157.00039,157.02039,83
2026-05-01 10:02:17.919495969,157.00012,157.02012,79
2026-05-01 10:02:18.044957399,157.00056,157.02056,54
2026-05-01 10:02:18.184393126,157.00004,157.02004,2
2026-05-01 10:02:19.158942606,156.99899,157.01899,37
2026-05-01 10:02:19.688968451,156.99984,157.01984,83
2026-05-01 10:02:21.195833814,156.99974,157.01974,97
2026-05-01 10:02:21.490675777,156.99925,157.01925,33
2026-05-01 10:02:21.719150746,156.99929,157.01929,1
2026-05-01 10:02:21.915871831,157.00192,157.02192,28
2026-05-01 10:02:23.805114561,157.00308,157.02308,17
2026-05-01 10:02:24.084410127,157.00424,157.02424,57
2026-05-01 10:02:24.512623999,157.00468,157.02468,70
2026-05-01 10:02:24.876397342,157.00484,157.02484,52
2026-05-01 10:02:24.992512434,157.00245,157.02245,44
2026-05-01 10:02:26.455789551,157.00177,157.02177,84
2026-05-01 10:02:26.891596955,157.00129,157.02129,47
2026-05-01 10:02:28.208358929,156.99941,157.01941,13
2026-05-01 10:02:30.548488813,156.99825,157.01825,76
2026-05-01 10:02:30.725648352,156.99627,157.01627,30
2026-05-01 10:02:30.803719422,156.99624,157.01624,85
2026-05-01 10:02:31.265930301,156.99705,157.01705,66
2026-05-01 10:02:31.465697715,156.99816,157.01816,53
2026-05-01 10:02:32.278728115,156.99858,157.01858,18
2026-05-01 10:02:33.139758122,156.99761,157.01761,28
2026-05-01 10:02:35.714345724,156.99568,157.01568,4
2026-05-01 10:02:37.128456783,156.99392,157.01392,42
2026-05-01 10:02:37.296326300,156.99265,157.01265,6
2026-05-01 10:02:37.775967180,156.99177,157.01177,9
2026-05-01 10:02:38.269066629,156.99161,157.01161,20
2026-05-01 10:02:38.302958683,156.99059,157.01059,94
2026-05-01 10:02:38.876270512,156.99093,157.01093,38
2026-05-01 10:02:39.289571008,156.9907,157.0107,68
2026-05-01 10:02:39.368047412,156.99071,157.01071,50
2026-05-01 10:02:39.860253512,156.99185,157.01185,60
2026-05-01 10:02:41.466401966,156.99067,157.01067,13
2026-05-01 10:02:41.779019904,156.99109,157.01109,99
2026-05-01 10:02:42.031157486,156.99107,157.01107,94
2026-05-01 10:02:42.464484278,156.99074,157.01074,42
2026-05-01 10:02:42.493799057,156.99163,157.01163,68
2026-05-01 10:02:42.501815328,156.9925,157.0125,25
2026-05-01 10:02:45.939036527,156.99156,157.01156,31
2026-05-01 10:02:46.396812968,156.99138,157.01138,12
2026-05-01 10:02:47.557937297,156.99166,157.01166,64
2026-05-01 10:02:48.135093562,156.99138,157.01138,79
2026-05-01 10:02:48.717278645,156.99197,157.01197,61
2026-05-01 10:02:48.904956392,156.99225,157.01225,53
2026-05-01 10:02:49.883745447,156.99408,157.01408,26
2026-05-01 10:02:50.197819533,156.99255,157.01255,61
2026-05-01 10:02:50.695826240,156.99243,157.01243,10
2026-05-01 10:02:50.757794201,156.99152,157.01152,12
2026-05-01 10:02:51.966177497,156.99213,157.01213,22
2026-05-01 10:02:52.413109947,156.99051,157.01051,53
2026-05-01 10:02:52.623221111,156.99085,157.01085,21
2026-05-01 10:02:52.836322883,156.99022,157.01022,35
2026-05-01 10:02:54.180700017,156.98949,157.00949,71
2026-05-01 10:02:55.074958306,156.98804,157.00804,82
2026-05-01 10:02:55.615150392,156.98758,157.00758,27
2026-05-01 10:02:55.685627207,156.98866,157.00866,60
2026-05-01 10:02:55.873557172,156.98864,157.00864,99
2026-05-01 10:02:57.025798503,156.98927,157.00927,47
2026-05-01 10:02:57.439713381,156.99093,157.01093,66
2026-05-01 10:02:57.820543340,156.99119,157.01119,96
2026-05-01 10:02:58.683922405,156.99064,157.01064,15
2026-05-01 10:02:59.795967242,156.9911,157.0111,24
2026-05-01 10:03:01.392580506,156.99056,157.01056,84
2026-05-01 10:03:01.433482711,156.99005,157.01005,10
2026-05-01 10:03:02.509950700,156.98853,157.00853,88
2026-05-01 10:03:02.525352591,156.98946,157.00946,24
2026-05-01 10:03:02.781760754,156.98907,157.00907,88
2026-05-01 10:03:03.017712557,156.98926,157.00926,57
2026-05-01 10:03:03.223871321,156.98822,157.00822,34
2026-05-01 10:03:04.622873806,156.98866,157.00866,41
2026-05-01 10:03:04.965443059,156.98789,157.00789,40
2026-05-01 10:03:05.345350179,156.98775,157.00775,11
2026-05-01 10:03:05.541111103,156.98863,157.00863,90
2026-05-01 10:03:05.845730036,156.98942,157.00942,1
2026-05-01 10:03:06.040599984,156.9894,157.0094,30
2026-05-01 10:03:08.616301430,156.98763,157.00763,43
2026-05-01 10:03:09.842216380,156.99062,157.01062,82
2026-05-01 10:03:10.417698703,156.99237,157.01237,26
2026-05-01 10:03:10.881435899,156.99309,157.01309,53
2026-05-01 10:03:11.031867891,156.99234,157.01234,47
2026-05-01 10:03:11.580235759,156.99223,157.01223,9
2026-05-01 10:03:15.091146025,156.99168,157.01168,9
2026-05-01 10:03:15.167896820,156.99295,157.01295,1
2026-05-01 10:03:15.605432824,156.99321,157.01321,71
2026-05-01 10:03:18.264383060,156.99242,157.01242,44
2026-05-01 10:03:20.455569090,156.99195,157.01195,59
2026-05-01 10:03:20.536133911,156.99307,157.01307,56
2026-05-01 10:03:22.474845201,156.99468,157.01468,51
2026-05-01 10:03:22.977651219,156.9962,157.0162,16
2026-05-01 10:03:24.029642760,156.99696,157.01696,38
2026-05-01 10:03:26.297478559,156.99671,157.01671,11
2026-05-01 10:03:27.235269456,156.99347,157.01347,25
2026-05-01 10:03:28.776559218,156.99376,157.01376,93
2026-05-01 10:03:30.022298245,156.99376,157.01376,83
2026-05-01 10:03:30.028813733,156.9939,157.0139,82
2026-05-01 10:03:30.580437848,156.99396,157.01396,59
2026-05-01 10:03:30.955990344,156.99263,157.01263,29
2026-05-01 10:03:32.702174002,156.99319,157.01319,80
2026-05-01 10:03:35.809847083,156.99382,157.01382,40
2026-05-01 10:03:36.145625164,156.9945,157.0145,8
2026-05-01 10:03:36.187238371,156.99545,157.01545,98
2026-05-01 10:03:36.747879921,156.99605,157.01605,6
2026-05-01 10:03:38.547399837,156.99564,157.01564,45
2026-05-01 10:03:38.786829817,156.99557,157.01557,53
2026-05-01 10:03:39.049485509,156.99566,157.01566,94
2026-05-01 10:03:39.338541424,156.99577,157.01577,98
2026-05-01 10:03:39.575144539,156.99677,157.01677,21
2026-05-01 10:03:39.601799561,156.99741,157.01741,57
2026-05-01 10:03:40.698015881,156.99949,157.01949,76
2026-05-01 10:03:41.937254635,157.0017,157.0217,6
2026-05-01 10:03:42.881694619,157.00178,157.02178,63
2026-05-01 10:03:42.988344642,156.99794,157.01794,6
2026-05-01 10:03:43.609507453,156.99918,157.01918,53
2026-05-01 10:03:43.690537760,156.99863,157.01863,4
2026-05-01 10:03:44.165396768,156.99783,157.01783,9
2026-05-01 10:03:44.273468112,156.99743,157.01743,69
2026-05-01 10:03:44.459345605,156.99699,157.01699,74
2026-05-01 10:03:44.518572441,156.9976,157.0176,72
2026-05-01 10:03:44.737634438,156.99604,157.01604,87
2026-05-01 10:03:46.290136944,156.99496,157.01496,4
2026-05-01 10:03:47.420242744,156.99531,157.01531,58
2026-05-01 10:03:48.555110685,156.99593,157.01593,37
2026-05-01 10:03:49.570525501,156.99657,157.01657,71
2026-05-01 10:03:50.360113039,156.99578,157.01578,6
2026-05-01 10:03:53.592811539,156.99481,157.01481,51
2026-05-01 10:03:53.789556180,156.9943,157.0143,79
2026-05-01 10:03:53.903496169,156.99454,157.01454,99
2026-05-01 10:03:54.188492337,156.99602,157.01602,50
2026-05-01 10:03:55.145237648,156.99398,157.01398,96
2026-05-01 10:03:56.159094793,156.99376,157.01376,14
2026-05-01 10:03:56.343591498,156.99242,157.01242,99
2026-05-01 10:03:57.433994514,156.99077,157.01077,11
2026-05-01 10:03:58.963352849,156.99174,157.01174,10
2026-05-01 10:03:59.062383297,156.99228,157.01228,61
2026-05-01 10:04:00.609561876,156.99273,157.01273,81
2026-05-01 10:04:00.649721535,156.99365,157.01365,13
2026-05-01 10:04:00.671038271,156.99317,157.01317,34
2026-05-01 10:04:00.753496039,156.99274,157.01274,60
2026-05-01 10:04:01.433530097,156.99493,157.01493,51
2026-05-01 10:04:02.017921319,156.99468,157.01468,5
2026-05-01 10:04:02.470107896,156.99542,157.01542,74
2026-05-01 10:04:03.281886827,156.99542,157.01542,32
2026-05-01 10:04:04.411045817,156.99357,157.01357,12
2026-05-01 10:04:06.064241095,156.99153,157.01153,52
2026-05-01 10:04:06.944889383,156.99095,157.01095,13
2026-05-01 10:04:07.513380132,156.99201,157.01201,85
2026-05-01 10:04:07.597352029,156.99279,157.01279,54
2026-05-01 10:04:07.905421727,156.99371,157.01371,97
2026-05-01 10:04:09.625920430,156.99272,157.01272,54
2026-05-01 10:04:09.643470427,156.99434,157.01434,41
2026-05-01 10:04:10.554239052,156.99337,157.01337,48
2026-05-01 10:04:11.363179124,156.99359,157.01359,51
2026-05-01 10:04:13.146601952,156.99357,157.01357,47
2026-05-01 10:04:14.241755569,156.9934,157.0134,50
2026-05-01 10:04:16.249661806,156.99474,157.01474,96
2026-05-01 10:04:16.407481964,156.99403,157.01403,76
2026-05-01 10:04:18.784371336,156.99268,157.01268,46
2026-05-01 10:04:19.335491698,156.9927,157.0127,99
2026-05-01 10:04:19.469117994,156.9923,157.0123,38
2026-05-01 10:04:20.354739778,156.99568,157.01568,92
2026-05-01 10:04:21.653387876,156.99636,157.01636,13
2026-05-01 10:04:22.519565944,156.99595,157.01595,76
2026-05-01 10:04:23.157608506,156.99489,157.01489,22
2026-05-01 10:04:24.034273921,156.99301,157.01301,2
2026-05-01 10:04:24.119060812,156.99199,157.01199,93
2026-05-01 10:04:24.333193078,156.9921,157.0121,77
2026-05-01 10:04:24.393810005,156.99353,157.01353,99
2026-05-01 10:04:25.586020952,156.99465,157.01465,13
2026-05-01 10:04:26.454969951,156.99488,157.01488,57
2026-05-01 10:04:28.906958994,156.99456,157.01456,34
2026-05-01 10:04:30.206334228,156.99483,157.01483,19
2026-05-01 10:04:30.476852716,156.99431,157.01431,9
2026-05-01 10:04:30.511850872,156.99603,157.01603,95
2026-05-01 10:04:31.421211043,156.99584,157.01584,33
2026-05-01 10:04:32.048447488,156.99575,157.01575,27
2026-05-01 10:04:32.304983174,156.99353,157.01353,45
2026-05-01 10:04:35.060043053,156.99334,157.01334,2
2026-05-01 10:04:36.203194473,156.99418,157.01418,79
2026-05-01 10:04:36.219801761,156.99311,157.01311,83
2026-05-01 10:04:36.486316749,156.99236,157.01236,57
2026-05-01 10:04:36.669712528,156.99315,157.01315,95
2026-05-01 10:04:37.859245954,156.99167,157.01167,57
2026-05-01 10:04:39.356074047,156.99273,157.01273,16
2026-05-01 10:04:39.453224244,156.9922,157.0122,79
2026-05-01 10:04:39.890618520,156.99181,157.01181,6
2026-05-01 10:04:40.295735944,156.99069,157.01069,14
2026-05-01 10:04:40.353720151,156.99106,157.01106,27
2026-05-01 10:04:40.496493708,156.99352,157.01352,38
2026-05-01 10:04:40.651108760,156.99431,157.01431,19
2026-05-01 10:04:40.771290539,156.99344,157.01344,37
2026-05-01 10:04:40.846229492,156.99458,157.01458,4
2026-05-01 10:04:42.621982111,156.99426,157.01426,58
2026-05-01 10:04:42.708371870,156.99564,157.01564,90
2026-05-01 10:04:42.739782539,156.99644,157.01644,9
2026-05-01 10:04:42.902005084,156.9935,157.0135,40
2026-05-01 10:04:43.047406855,156.99249,157.01249,15
2026-05-01 10:04:43.273492813,156.99344,157.01344,4
2026-05-01 10:04:43.405534702,156.99359,157.01359,90
2026-05-01 10:04:43.621202588,156.99257,157.01257,52
2026-05-01 10:04:43.806612866,156.99193,157.01193,18
2026-05-01 10:04:43.873041853,156.99003,157.01003,53
2026-05-01 10:04:44.108636814,156.98994,157.00994,59
2026-05-01 10:04:44.814047250,156.99215,157.01215,99
2026-05-01 10:04:45.255542508,156.99295,157.01295,54
2026-05-01 10:04:45.920694520,156.99514,157.01514,41
2026-05-01 10:04:46.539316816,156.99603,157.01603,60
2026-05-01 10:04:46.642364009,156.99705,157.01705,93
2026-05-01 10:04:47.442234459,156.99903,157.01903,88
2026-05-01 10:04:47.625407659,156.99941,157.01941,4
2026-05-01 10:04:48.425657165,156.99922,157.01922,85
2026-05-01 10:04:48.497421707,157.00025,157.02025,39
2026-05-01 10:04:48.786178169,157.00171,157.02171,7
2026-05-01 10:04:48.999785414,157.00123,157.02123,23
2026-05-01 10:04:49.857621666,157.0005,157.0205,85
2026-05-01 10:04:50.055735201,157.00064,157.02064,63
2026-05-01 10:04:50.341725990,157.00147,157.02147,65
2026-05-01 10:04:50.377159570,157.00227,157.02227,41
2026-05-01 10:04:50.403735396,157.00085,157.02085,89
2026-05-01 10:04:50.525953389,157.00276,157.02276,95
2026-05-01 10:04:51.666045177,157.00212,157.02212,44
2026-05-01 10:04:52.217127369,157.00185,157.02185,45
2026-05-01 10:04:53.247376696,157.00095,157.02095,69
2026-05-01 10:04:53.581019194,157.00365,157.02365,95
2026-05-01 10:04:53.652096735,157.00389,157.02389,51
2026-05-01 10:04:54.254037118,157.00304,157.02304,65
2026-05-01 10:04:55.043200199,157.0039,157.0239,54
2026-05-01 10:04:55.793027679,157.00467,157.02467,56
2026-05-01 10:04:58.780743671,157.00449,157.02449,94
2026-05-01 10:04:59.324585162,157.00533,157.02533,82
2026-05-01 10:04:59.368510895,157.0045,157.0245,72
2026-05-01 10:04:59.490885046,157.00401,157.02401,90
2026-05-01 10:05:00.044884337,157.002,157.022,40
2026-05-01 10:05:01.538835639,157.00067,157.02067,58
2026-05-01 10:05:01.789560357,157.00248,157.02248,15
2026-05-01 10:05:02.048808707,157.00412,157.02412,19
2026-05-01 10:05:02.577661234,157.00419,157.02419,10
2026-05-01 10:05:03.070965381,157.00585,157.02585,88
2026-05-01 10:05:03.843373785,157.00569,157.02569,16
2026-05-01 10:05:04.808346131,157.00545,157.02545,43
2026-05-01 10:05:05.440547089,157.0055,157.0255,31
2026-05-01 10:05:10.320784427,157.00538,157.02538,16
2026-05-01 10:05:10.751366044,157.00516,157.02516,80
2026-05-01 10:05:10.850897738,157.00631,157.02631,28
2026-05-01 10:05:12.459685765,157.00646,157.02646,62
2026-05-01 10:05:12.570236554,157.00717,157.02717,20
2026-05-01 10:05:14.358686733,157.0082,157.0282,35
2026-05-01 10:05:14.921320624,157.00859,157.02859,59
2026-05-01 10:05:15.697337975,157.00762,157.02762,9
2026-05-01 10:05:15.943836254,157.00627,157.02627,10
2026-05-01 10:05:16.079587029,157.00642,157.02642,45
2026-05-01 10:05:16.113218140,157.00624,157.02624,82
2026-05-01 10:05:17.274203306,157.00633,157.02633,15
2026-05-01 10:05:17.848047029,157.00632,157.02632,30
2026-05-01 10:05:20.904293130,157.0089,157.0289,48
2026-05-01 10:05:21.034267685,157.00757,157.02757,96
2026-05-01 10:05:22.210324268,157.00558,157.02558,40
2026-05-01 10:05:22.332398557,157.00591,157.02591,91
2026-05-01 10:05:22.996014919,157.00554,157.02554,91
2026-05-01 10:05:23.143318603,157.00585,157.02585,83
2026-05-01 10:05:23.361352768,157.00644,157.02644,74
2026-05-01 10:05:23.977112895,157.00772,157.02772,44
2026-05-01 10:05:25.089823768,157.00621,157.02621,46
2026-05-01 10:05:25.574424764,157.00566,157.02566,6
2026-05-01 10:05:25.636480155,157.00608,157.02608,24
2026-05-01 10:05:26.188870358,157.00685,157.02685,73
2026-05-01 10:05:27.213938458,157.00905,157.02905,91
2026-05-01 10:05:28.213137230,157.01,157.03,7
2026-05-01 10:05:28.670967617,157.00995,157.02995,6
2026-05-01 10:05:29.342643450,157.00906,157.02906,33
2026-05-01 10:05:31.219022556,157.00849,157.02849,85
2026-05-01 10:05:31.698021663,157.0079,157.0279,38
2026-05-01 10:05:34.442971583,157.00855,157.02855,44
2026-05-01 10:05:36.130703274,157.00881,157.02881,17
2026-05-01 10:05:37.333741398,157.00749,157.02749,31
2026-05-01 10:05:38.143841335,157.00705,157.02705,37
2026-05-01 10:05:38.154960780,157.00793,157.02793,11
2026-05-01 10:05:38.840624714,157.00828,157.02828,92
2026-05-01 10:05:39.816252221,157.00885,157.02885,5
2026-05-01 10:05:41.392580208,157.00923,157.02923,64
2026-05-01 10:05:42.127851891,157.01086,157.03086,76
2026-05-01 10:05:42.598986332,157.0111,157.0311,3
2026-05-01 10:05:44.025825706,157.01071,157.03071,56
2026-05-01 10:05:45.295673546,157.00979,157.02979,63
2026-05-01 10:05:46.628419044,157.01004,157.03004,38
2026-05-01 10:05:46.939289231,157.0076,157.0276,54
2026-05-01 10:05:47.126679796,157.00742,157.02742,2
2026-05-01 10:05:48.211519551,157.00721,157.02721,90
2026-05-01 10:05:48.942473825,157.00585,157.02585,2
2026-05-01 10:05:50.602908479,157.00492,157.02492,12
2026-05-01 10:05:51.117495454,157.00573,157.02573,40
2026-05-01 10:05:52.833443793,157.00596,157.02596,2
2026-05-01 10:05:53.868410485,157.00606,157.02606,80
2026-05-01 10:05:53.941370074,157.00637,157.02637,94
2026-05-01 10:05:53.957969916,157.00646,157.02646,57
2026-05-01 10:05:54.390584693,157.0077,157.0277,47
2026-05-01 10:05:54.770305795,157.00783,157.02783,36
2026-05-01 10:05:54.920347903,157.00637,157.02637,4
2026-05-01 10:05:54.957569346,157.008,157.028,75
2026-05-01 10:05:55.024707190,157.00837,157.02837,24
2026-05-01 10:05:57.162540116,157.00778,157.02778,82
2026-05-01 10:05:57.223488039,157.00653,157.02653,91
2026-05-01 10:05:58.423210965,157.00692,157.02692,62
2026-05-01 10:05:58.993054073,157.00681,157.02681,2
2026-05-01 10:05:59.849006349,157.00838,157.02838,15
2026-05-01 10:06:00.464595071,157.00803,157.02803,75
2026-05-01 10:06:01.262522303,157.0072,157.0272,91
2026-05-01 10:06:01.627282540,157.00809,157.02809,49
2026-05-01 10:06:01.749670725,157.00902,157.02902,87
2026-05-01 10:06:02.325117129,157.00919,157.02919,35
2026-05-01 10:06:02.516594179,157.00986,157.02986,94
2026-05-01 10:06:03.000769935,157.00982,157.02982,47
2026-05-01 10:06:03.653789992,157.01006,157.03006,24
2026-05-01 10:06:04.126347534,157.01122,157.03122,83
2026-05-01 10:06:04.481800337,157.01185,157.03185,60
2026-05-01 10:06:06.148575602,157.01168,157.03168,93
2026-05-01 10:06:08.174746383,157.01303,157.03303,77
2026-05-01 10:06:08.281480466,157.01067,157.03067,48
2026-05-01 10:06:08.391646407,157.01272,157.03272,23
2026-05-01 10:06:08.814934111,157.01101,157.03101,12
2026-05-01 10:06:09.096906067,157.01039,157.03039,41
2026-05-01 10:06:09.315712664,157.01035,157.03035,29
2026-05-01 10:06:09.607473530,157.0102,157.0302,70
2026-05-01 10:06:10.265857086,157.01121,157.03121,51
2026-05-01 10:06:10.647008999,157.01015,157.03015,23
2026-05-01 10:06:11.932971225,157.01041,157.03041,31
2026-05-01 10:06:12.014795937,157.00983,157.02983,21
2026-05-01 10:06:12.108392413,157.01013,157.03013,24
2026-05-01 10:06:12.136895360,157.01006,157.03006,72
2026-05-01 10:06:13.129465121,157.01015,157.03015,9
2026-05-01 10:06:13.217753662,157.0096,157.0296,22
2026-05-01 10:06:14.087358390,157.00909,157.02909,4
2026-05-01 10:06:14.155906544,157.00938,157.02938,77
2026-05-01 10:06:14.193242290,157.01032,157.03032,98
2026-05-01 10:06:14.323334239,157.00973,157.02973,3
2026-05-01 10:06:14.571036212,157.00886,157.02886,28
2026-05-01 10:06:14.730039044,157.00947,157.02947,90
2026-05-01 10:06:14.921324793,157.00944,157.02944,98
2026-05-01 10:06:16.256730859,157.01027,157.03027,15
2026-05-01 10:06:16.334406443,157.00936,157.02936,8
2026-05-01 10:06:16.389880359,157.00758,157.02758,48
2026-05-01 10:06:16.409543535,157.00705,157.02705,99
2026-05-01 10:06:16.796572564,157.00628,157.02628,88
2026-05-01 10:06:16.899684705,157.00621,157.02621,52
2026-05-01 10:06:16.956145349,157.00557,157.02557,55
2026-05-01 10:06:19.510486944,157.00631,157.02631,37
2026-05-01 10:06:19.756455567,157.00602,157.02602,4
2026-05-01 10:06:19.909856589,157.00617,157.02617,55
2026-05-01 10:06:20.346436141,157.00633,157.02633,12
2026-05-01 10:06:20.352141825,157.00652,157.02652,19
2026-05-01 10:06:21.138736095,157.0065,157.0265,79
2026-05-01 10:06:24.105578320,157.00701,157.02701,57
2026-05-01 10:06:24.729137215,157.00622,157.02622,94
2026-05-01 10:06:25.751229173,157.00761,157.02761,37
2026-05-01 10:06:26.170498949,157.00738,157.02738,76
2026-05-01 10:06:27.579779340,157.00607,157.02607,83
2026-05-01 10:06:28.067690835,157.00625,157.02625,98
2026-05-01 10:06:28.314596454,157.0054,157.0254,7
2026-05-01 10:06:29.142916918,157.00607,157.02607,92
2026-05-01 10:06:31.190650724,157.00828,157.02828,55
2026-05-01 10:06:32.466797378,157.00749,157.02749,28
2026-05-01 10:06:32.870939635,157.00782,157.02782,93
2026-05-01 10:06:33.194183136,157.00607,157.02607,37
2026-05-01 10:06:33.367824007,157.00652,157.02652,84
2026-05-01 10:06:34.075489859,157.00564,157.02564,61
2026-05-01 10:06:34.163872269,157.00501,157.02501,75
2026-05-01 10:06:34.283799518,157.00391,157.02391,39
2026-05-01 10:06:35.315214557,157.00464,157.02464,23
2026-05-01 10:06:35.757409246,157.00565,157.02565,52
2026-05-01 10:06:36.731053143,157.00567,157.02567,84
2026-05-01 10:06:37.127452332,157.00481,157.02481,84
2026-05-01 10:06:38.393187576,157.0064,157.0264,11
2026-05-01 10:06:38.590681956,157.00565,157.02565,66
2026-05-01 10:06:40.359756099,157.00349,157.02349,13
2026-05-01 10:06:41.295790810,157.00394,157.02394,77
2026-05-01 10:06:41.334145829,157.00284,157.02284,41
2026-05-01 10:06:42.669720923,157.00383,157.02383,49
2026-05-01 10:06:44.467756901,157.00345,157.02345,15
2026-05-01 10:06:44.740119311,157.00405,157.02405,56
2026-05-01 10:06:44.814922927,157.00545,157.02545,54
2026-05-01 10:06:45.383584909,157.00424,157.02424,31
2026-05-01 10:06:45.599600154,157.00368,157.02368,61
2026-05-01 10:06:45.903575886,157.0036,157.0236,58
2026-05-01 10:06:45.949347743,157.00514,157.02514,87
2026-05-01 10:06:46.912973736,157.00448,157.02448,60
2026-05-01 10:06:47.416724256,157.00389,157.02389,53
2026-05-01 10:06:47.704013118,157.00436,157.02436,86
2026-05-01 10:06:48.099111594,157.00379,157.02379,61
2026-05-01 10:06:49.546063999,157.00394,157.02394,80
2026-05-01 10:06:50.246834381,157.00239,157.02239,42
2026-05-01 10:06:50.417190373,157.0046,157.0246,29
2026-05-01 10:06:50.593780826,157.00326,157.02326,84
2026-05-01 10:06:50.793992289,157.00293,157.02293,92
2026-05-01 10:06:51.025363843,157.0029,157.0229,27
2026-05-01 10:06:51.113364805,157.00481,157.02481,44
2026-05-01 10:06:51.355579271,157.00349,157.02349,93
2026-05-01 10:06:53.221274555,157.00547,157.02547,5
2026-05-01 10:06:54.423072119,157.00623,157.02623,52
2026-05-01 10:06:55.062591832,157.00665,157.02665,53
2026-05-01 10:06:55.671546420,157.00566,157.02566,52
2026-05-01 10:06:56.020039173,157.00623,157.02623,38
2026-05-01 10:06:56.075018543,157.00551,157.02551,44
2026-05-01 10:06:56.467271256,157.00678,157.02678,53
2026-05-01 10:06:56.480036019,157.00581,157.02581,2
2026-05-01 10:06:58.202007611,157.00569,157.02569,54
2026-05-01 10:06:58.262054978,157.00514,157.02514,84
2026-05-01 10:06:58.779327639,157.00415,157.02415,77
2026-05-01 10:06:58.807862790,157.00489,157.02489,90
2026-05-01 10:06:59.312381905,157.00543,157.02543,35
2026-05-01 10:06:59.739867808,157.00664,157.02664,46
2026-05-01 10:07:00.897508105,157.00486,157.02486,72
2026-05-01 10:07:01.463520576,157.00592,157.02592,92
2026-05-01 10:07:01.566690556,157.00842,157.02842,79
2026-05-01 10:07:01.670198048,157.00797,157.02797,55
2026-05-01 10:07:08.577842503,157.00987,157.02987,72
2026-05-01 10:07:09.027100942,157.00961,157.02961,11
2026-05-01 10:07:09.244742481,157.00823,157.02823,29
2026-05-01 10:07:10.288374084,157.00793,157.02793,69
2026-05-01 10:07:11.591766201,157.00898,157.02898,63
2026-05-01 10:07:12.526812155,157.00814,157.02814,47
2026-05-01 10:07:13.024866725,157.00754,157.02754,7
2026-05-01 10:07:13.634003282,157.00813,157.02813,64
2026-05-01 10:07:13.925210084,157.00813,157.02813,82
2026-05-01 10:07:14.535004732,157.00872,157.02872,64
2026-05-01 10:07:15.143123572,157.00896,157.02896,92
2026-05-01 10:07:16.918096444,157.00944,157.02944,12
2026-05-01 10:07:18.519911293,157.009,157.029,12
2026-05-01 10:07:19.761310955,157.00924,157.02924,36
2026-05-01 10:07:20.759938633,157.00831,157.02831,29
2026-05-01 10:07:21.717315196,157.0096,157.0296,11
2026-05-01 10:07:22.413288941,157.00896,157.02896,53
2026-05-01 10:07:22.841302502,157.01009,157.03009,70
2026-05-01 10:07:23.109845770,157.00986,157.02986,85
2026-05-01 10:07:23.577494105,157.01006,157.03006,74
2026-05-01 10:07:25.020916962,157.00956,157.02956,96
2026-05-01 10:07:26.014933768,157.00855,157.02855,47
2026-05-01 10:07:26.664698127,157.0068,157.0268,33
2026-05-01 10:07:26.698202087,157.00575,157.02575,81
2026-05-01 10:07:27.863228385,157.00542,157.02542,67
2026-05-01 10:07:28.366362349,157.00564,157.02564,43
2026-05-01 10:07:28.500946536,157.00665,157.02665,18
2026-05-01 10:07:29.237293907,157.0062,157.0262,74
2026-05-01 10:07:29.505556400,157.00532,157.02532,53
2026-05-01 10:07:29.694674057,157.00388,157.02388,39
2026-05-01 10:07:30.189329348,157.00436,157.02436,72
2026-05-01 10:07:30.466863980,157.00574,157.02574,34
2026-05-01 10:07:31.103064878,157.00701,157.02701,37
2026-05-01 10:07:31.365275677,157.00772,157.02772,41
2026-05-01 10:07:32.933827329,157.00835,157.02835,97
2026-05-01 10:07:35.424544070,157.01005,157.03005,49
2026-05-01 10:07:35.491237108,157.01038,157.03038,10
2026-05-01 10:07:36.299787403,157.01103,157.03103,40
2026-05-01 10:07:37.457201452,157.01071,157.03071,18
2026-05-01 10:07:37.620122059,157.00935,157.02935,25
2026-05-01 10:07:37.930341920,157.00866,157.02866,41
2026-05-01 10:07:38.214546863,157.00865,157.02865,36
2026-05-01 10:07:39.320805025,157.00871,157.02871,2
2026-05-01 10:07:40.845695582,157.01064,157.03064,83
2026-05-01 10:07:41.113371826,157.01072,157.03072,74
2026-05-01 10:07:41.481919460,157.0119,157.0319,49
2026-05-01 10:07:42.304346940,157.01147,157.03147,67
2026-05-01 10:07:43.098406993,157.01115,157.03115,53
2026-05-01 10:07:44.332899282,157.00983,157.02983,19
2026-05-01 10:07:46.945880277,157.00908,157.02908,26
2026-05-01 10:07:47.274812676,157.00961,157.02961,54
2026-05-01 10:07:48.005680431,157.00962,157.02962,51
2026-05-01 10:07:48.371469494,157.01056,157.03056,25
2026-05-01 10:07:49.473057075,157.01074,157.03074,17
2026-05-01 10:07:49.992654478,157.01039,157.03039,74
2026-05-01 10:07:50.565653752,157.01254,157.03254,61
2026-05-01 10:07:50.636334463,157.01244,157.03244,46
2026-05-01 10:07:52.325507604,157.01361,157.03361,55
2026-05-01 10:07:52.507834880,157.01321,157.03321,50
2026-05-01 10:07:53.002984471,157.01392,157.03392,75
2026-05-01 10:07:53.102203884,157.01484,157.03484,11
2026-05-01 10:07:53.974872214,157.01505,157.03505,12
2026-05-01 10:07:54.423588230,157.0127,157.0327,40
2026-05-01 10:07:55.270877809,157.01272,157.03272,48
2026-05-01 10:07:55.598216319,157.01395,157.03395,56
2026-05-01 10:07:56.389359607,157.01447,157.03447,8
2026-05-01 10:07:58.118544915,157.01492,157.03492,88
2026-05-01 10:07:58.395679361,157.0132,157.0332,14
2026-05-01 10:07:58.535945589,157.01248,157.03248,87
2026-05-01 10:07:58.773125040,157.01289,157.03289,56
2026-05-01 10:07:59.266040982,157.0133,157.0333,54
2026-05-01 10:07:59.721588554,157.01451,157.03451,17
2026-05-01 10:07:59.894692036,157.01437,157.03437,45
2026-05-01 10:07:59.950774727,157.01477,157.03477,5
2026-05-01 10:08:00.601834925,157.01479,157.03479,3
2026-05-01 10:08:02.210006581,157.0138,157.0338,9
2026-05-01 10:08:02.335879650,157.01155,157.03155,84
2026-05-01 10:08:02.519071808,157.01198,157.03198,20
2026-05-01 10:08:02.950637196,157.01215,157.03215,83
2026-05-01 10:08:03.074874935,157.01153,157.03153,21
2026-05-01 10:08:04.086096652,157.00992,157.02992,80
2026-05-01 10:08:04.132565174,157.01054,157.03054,33
2026-05-01 10:08:04.242580565,157.01028,157.03028,5
2026-05-01 10:08:04.449213034,157.01084,157.03084,24
2026-05-01 10:08:04.924330575,157.0127,157.0327,63
2026-05-01 10:08:06.018336123,157.01056,157.03056,79
2026-05-01 10:08:06.754196201,157.00986,157.02986,26
2026-05-01 10:08:06.810457863,157.00965,157.02965,89
2026-05-01 10:08:07.212205680,157.0111,157.0311,92
2026-05-01 10:08:08.134049962,157.00947,157.02947,33
2026-05-01 10:08:08.426825557,157.0114,157.0314,18
2026-05-01 10:08:09.673670057,157.01154,157.03154,18
2026-05-01 10:08:09.868661460,157.01144,157.03144,38
2026-05-01 10:08:10.840627575,157.01125,157.03125,33
2026-05-01 10:08:10.943662311,157.01081,157.03081,27
2026-05-01 10:08:12.143042231,157.01186,157.03186,49
2026-05-01 10:08:12.773106546,157.01079,157.03079,50
2026-05-01 10:08:12.843258475,157.01113,157.03113,15
2026-05-01 10:08:12.902779201,157.01075,157.03075,77
2026-05-01 10:08:14.738479612,157.00999,157.02999,52
2026-05-01 10:08:15.006855038,157.01257,157.03257,98
2026-05-01 10:08:15.028126241,157.01299,157.03299,68
2026-05-01 10:08:16.497717766,157.01361,157.03361,99
2026-05-01 10:08:16.728062715,157.01474,157.03474,19
2026-05-01 10:08:16.854666812,157.01332,157.03332,95
2026-05-01 10:08:17.065945761,157.01508,157.03508,25
2026-05-01 10:08:17.130525465,157.01257,157.03257,76
2026-05-01 10:08:19.401366301,157.0118,157.0318,76
2026-05-01 10:08:19.637418510,157.01134,157.03134,25
2026-05-01 10:08:19.851667771,157.01192,157.03192,33
2026-05-01 10:08:21.416266769,157.01214,157.03214,60
2026-05-01 10:08:21.450247787,157.01197,157.03197,37
2026-05-01 10:08:23.005828929,157.01196,157.03196,92
2026-05-01 10:08:24.494609192,157.01098,157.03098,43
2026-05-01 10:08:24.778605417,157.00948,157.02948,9
2026-05-01 10:08:27.316879202,157.01021,157.03021,14
2026-05-01 10:08:27.542008630,157.0109,157.0309,3
2026-05-01 10:08:27.856590669,157.01249,157.03249,69
2026-05-01 10:08:27.960458711,157.0117,157.0317,56
2026-05-01 10:08:28.094981283,157.01239,157.03239,26
2026-05-01 10:08:29.015578927,157.01211,157.03211,53
2026-05-01 10:08:30.276244715,157.0133,157.0333,41
2026-05-01 10:08:30.596578357,157.01432,157.03432,82
2026-05-01 10:08:30.711956163,157.01453,157.03453,21
2026-05-01 10:08:31.255184639,157.01419,157.03419,39
2026-05-01 10:08:31.376887075,157.01515,157.03515,80
2026-05-01 10:08:31.451201116,157.0158,157.0358,23
2026-05-01 10:08:32.320887920,157.01512,157.03512,93
2026-05-01 10:08:32.339653248,157.01379,157.03379,74
2026-05-01 10:08:32.558268913,157.0135,157.0335,58
2026-05-01 10:08:33.048439909,157.01502,157.03502,69
2026-05-01 10:08:34.821775187,157.01616,157.03616,75
2026-05-01 10:08:36.325599703,157.01505,157.03505,29
2026-05-01 10:08:36.494474981,157.01388,157.03388,62
2026-05-01 10:08:36.785804830,157.01516,157.03516,53
2026-05-01 10:08:37.728364678,157.01402,157.03402,45
2026-05-01 10:08:39.007219190,157.01453,157.03453,27
2026-05-01 10:08:39.828544650,157.01391,157.03391,34
2026-05-01 10:08:39.934934413,157.01553,157.03553,14
2026-05-01 10:08:40.051307561,157.01476,157.03476,41
2026-05-01 10:08:40.356304881,157.0159,157.0359,74
2026-05-01 10:08:40.678621857,157.01609,157.03609,60
2026-05-01 10:08:40.908363619,157.01634,157.03634,42
2026-05-01 10:08:40.972255737,157.01437,157.03437,51
2026-05-01 10:08:41.110030997,157.01217,157.03217,75
2026-05-01 10:08:41.617592120,157.01195,157.03195,11
2026-05-01 10:08:42.160682072,157.01219,157.03219,35
2026-05-01 10:08:42.538545921,157.01107,157.03107,19
2026-05-01 10:08:43.192230584,157.00998,157.02998,88
2026-05-01 10:08:43.691624006,157.01054,157.03054,65
2026-05-01 10:08:43.701084795,157.0111,157.0311,76
2026-05-01 10:08:43.893645822,157.01097,157.03097,61
2026-05-01 10:08:44.868853475,157.01175,157.03175,47
2026-05-01 10:08:44.893214648,157.01057,157.03057,14
2026-05-01 10:08:46.187246594,157.01022,157.03022,67
2026-05-01 10:08:46.212655388,157.01186,157.03186,52
2026-05-01 10:08:47.010651132,157.01193,157.03193,32
2026-05-01 10:08:47.368349573,157.01206,157.03206,80
2026-05-01 10:08:48.221285709,157.01437,157.03437,10
2026-05-01 10:08:49.176580776,157.01297,157.03297,17
2026-05-01 10:08:49.656150353,157.01376,157.03376,40
2026-05-01 10:08:51.335266094,157.01543,157.03543,68
2026-05-01 10:08:53.121492485,157.0151,157.0351,63
2026-05-01 10:08:53.339331915,157.01596,157.03596,15
2026-05-01 10:08:53.559042539,157.01498,157.03498,97
2026-05-01 10:08:54.068608279,157.01429,157.03429,39
2026-05-01 10:08:54.577387179,157.01468,157.03468,57
2026-05-01 10:08:55.884612757,157.01548,157.03548,10
2026-05-01 10:08:56.475325094,157.0166,157.0366,71
2026-05-01 10:08:56.764634494,157.01817,157.03817,97
2026-05-01 10:08:58.170506181,157.0181,157.0381,17
2026-05-01 10:08:59.250062414,157.01929,157.03929,76
2026-05-01 10:09:00.674249798,157.01895,157.03895,17
2026-05-01 10:09:00.992028497,157.01985,157.03985,16
2026-05-01 10:09:01.029262878,157.02006,157.04006,78
2026-05-01 10:09:02.006759892,157.02051,157.04051,3
2026-05-01 10:09:02.967667148,157.02093,157.04093,51
2026-05-01 10:09:03.795019386,157.01932,157.03932,94
2026-05-01 10:09:03.992355091,157.0182,157.0382,46
2026-05-01 10:09:04.202019749,157.0183,157.0383,55
2026-05-01 10:09:04.356292440,157.01662,157.03662,99
2026-05-01 10:09:05.038036630,157.01745,157.03745,26
2026-05-01 10:09:06.215962382,157.01832,157.03832,76
2026-05-01 10:09:06.275816813,157.01865,157.03865,31
2026-05-01 10:09:07.810032711,157.01752,157.03752,81
2026-05-01 10:09:07.919920661,157.0189,157.0389,72
2026-05-01 10:09:08.142188330,157.02094,157.04094,19
2026-05-01 10:09:08.922369409,157.02109,157.04109,90
2026-05-01 10:09:12.658045598,157.0216,157.0416,68
2026-05-01 10:09:12.981947863,157.0218,157.0418,15
2026-05-01 10:09:13.406941988,157.02233,157.04233,58
2026-05-01 10:09:14.063051730,157.02221,157.04221,78
2026-05-01 10:09:14.178117657,157.02218,157.04218,30
2026-05-01 10:09:14.196019542,157.02308,157.04308,48
2026-05-01 10:09:14.252162867,157.02543,157.04543,56
2026-05-01 10:09:14.255350767,157.02403,157.04403,42
2026-05-01 10:09:14.819609767,157.02392,157.04392,24
2026-05-01 10:09:15.750217630,157.02274,157.04274,52
2026-05-01 10:09:17.882111199,157.02434,157.04434,43
2026-05-01 10:09:19.075209635,157.02375,157.04375,34
2026-05-01 10:09:19.529412420,157.02231,157.04231,60
2026-05-01 10:09:19.689386147,157.02294,157.04294,83
2026-05-01 10:09:20.566941183,157.02469,157.04469,3
2026-05-01 10:09:20.728721457,157.02535,157.04535,68
2026-05-01 10:09:21.555838147,157.02556,157.04556,11
2026-05-01 10:09:23.343109776,157.02597,157.04597,13
2026-05-01 10:09:23.576261255,157.02738,157.04738,50
2026-05-01 10:09:24.035167886,157.02651,157.04651,82
2026-05-01 10:09:24.881877483,157.02639,157.04639,19
2026-05-01 10:09:24.885945664,157.02594,157.04594,44
2026-05-01 10:09:25.271052865,157.02477,157.04477,33
2026-05-01 10:09:25.395738779,157.02445,157.04445,38
2026-05-01 10:09:25.460948108,157.02555,157.04555,3
2026-05-01 10:09:25.765179516,157.02612,157.04612,99
2026-05-01 10:09:26.112319126,157.02676,157.04676,65
2026-05-01 10:09:26.623261406,157.02691,157.04691,35
2026-05-01 10:09:26.629752294,157.02743,157.04743,36
2026-05-01 10:09:28.363701215,157.02663,157.04663,38
2026-05-01 10:09:28.577967773,157.02632,157.04632,39
2026-05-01 10:09:30.597164135,157.02652,157.04652,25
2026-05-01 10:09:30.818049344,157.02679,157.04679,64
2026-05-01 10:09:31.727409429,157.02711,157.04711,13
2026-05-01 10:09:31.819456720,157.02697,157.04697,68
2026-05-01 10:09:33.034661078,157.0266,157.0466,70
2026-05-01 10:09:33.444929050,157.02976,157.04976,75
2026-05-01 10:09:33.948526948,157.03066,157.05066,1
2026-05-01 10:09:34.481690164,157.03108,157.05108,72
2026-05-01 10:09:35.873876136,157.03084,157.05084,54
2026-05-01 10:09:36.456498208,157.03039,157.05039,98
2026-05-01 10:09:36.761231589,157.03026,157.05026,9
2026-05-01 10:09:36.826893969,157.03055,157.05055,36
2026-05-01 10:09:37.296101389,157.02867,157.04867,37
2026-05-01 10:09:37.344649047,157.0271,157.0471,59
2026-05-01 10:09:37.682968763,157.02647,157.04647,21
2026-05-01 10:09:40.181848462,157.02667,157.04667,20
2026-05-01 10:09:40.330899051,157.02643,157.04643,1
2026-05-01 10:09:40.430917221,157.02791,157.04791,99
2026-05-01 10:09:42.618837969,157.02643,157.04643,59
2026-05-01 10:09:43.532754535,157.02568,157.04568,28
2026-05-01 10:09:44.274085460,157.0272,157.0472,71
2026-05-01 10:09:44.853370608,157.02733,157.04733,56
2026-05-01 10:09:45.711220621,157.02821,157.04821,9
2026-05-01 10:09:46.419932816,157.03027,157.05027,65
2026-05-01 10:09:46.612063533,157.02957,157.04957,36
2026-05-01 10:09:47.339464401,157.02947,157.04947,98
2026-05-01 10:09:47.510784034,157.0292,157.0492,34
2026-05-01 10:09:47.735870620,157.02725,157.04725,81
2026-05-01 10:09:48.422489376,157.02693,157.04693,32
2026-05-01 10:09:48.665030031,157.02782,157.04782,66
2026-05-01 10:09:49.956761074,157.02836,157.04836,25
2026-05-01 10:09:51.636005830,157.02898,157.04898,51
2026-05-01 10:09:52.360734794,157.0286,157.0486,63
2026-05-01 10:09:53.143528434,157.02794,157.04794,90
2026-05-01 10:09:54.519537853,157.02921,157.04921,45
2026-05-01 10:09:55.705216450,157.02872,157.04872,26
2026-05-01 10:09:56.150409060,157.02901,157.04901,21
2026-05-01 10:09:56.984986040,157.02917,157.04917,82
2026-05-01 10:09:57.879056233,157.03064,157.05064,93
2026-05-01 10:09:59.206076698,157.03161,157.05161,51
2026-05-01 10:09:59.455137964,157.03031,157.05031,24
2026-05-01 10:10:00.329187135,157.02912,157.04912,92
2026-05-01 10:10:00.941411923,157.0297,157.0497,12
2026-05-01 10:10:01.205160230,157.02964,157.04964,11
2026-05-01 10:10:01.379385696,157.02918,157.04918,27
2026-05-01 10:10:01.591230076,157.0302,157.0502,23
2026-05-01 10:10:03.389945484,157.03039,157.05039,33
2026-05-01 10:10:03.890917574,157.03044,157.05044,80
2026-05-01 10:10:04.065316528,157.03122,157.05122,92
2026-05-01 10:10:05.569004027,157.03084,157.05084,92
2026-05-01 10:10:05.719168267,157.03241,157.05241,38
2026-05-01 10:10:05.807747964,157.03162,157.05162,55
2026-05-01 10:10:06.333680475,157.03228,157.05228,70
2026-05-01 10:10:06.748026101,157.03371,157.05371,42
2026-05-01 10:10:08.870722300,157.03234,157.05234,29
2026-05-01 10:10:09.471025809,157.03199,157.05199,34
2026-05-01 10:10:09.756061502,157.03314,157.05314,57
2026-05-01 10:10:10.316311869,157.03429,157.05429,3
2026-05-01 10:10:10.502515529,157.03412,157.05412,6
2026-05-01 10:10:10.831541413,157.03339,157.05339,48
2026-05-01 10:10:11.757287204,157.03434,157.05434,64
2026-05-01 10:10:12.405975522,157.03553,157.05553,13
2026-05-01 10:10:12.745100062,157.03436,157.05436,36
2026-05-01 10:10:13.443438429,157.03316,157.05316,79
2026-05-01 10:10:14.501747955,157.03338,157.05338,70
2026-05-01 10:10:14.517610166,157.03401,157.05401,33
2026-05-01 10:10:14.897886894,157.03371,157.05371,76
2026-05-01 10:10:14.901817171,157.03439,157.05439,57
2026-05-01 10:10:14.941076219,157.03368,157.05368,55
2026-05-01 10:10:15.661422152,157.03157,157.05157,13
2026-05-01 10:10:16.316780323,157.03114,157.05114,97
2026-05-01 10:10:16.739397094,157.03121,157.05121,51
2026-05-01 10:10:17.718851276,157.03093,157.05093,92
2026-05-01 10:10:18.554795060,157.02977,157.04977,53
2026-05-01 10:10:19.431530637,157.02796,157.04796,36
2026-05-01 10:10:20.035995645,157.02744,157.04744,5
2026-05-01 10:10:20.151401258,157.02834,157.04834,25
2026-05-01 10:10:20.177555153,157.0296,157.0496,81
2026-05-01 10:10:20.994033388,157.03078,157.05078,37
2026-05-01 10:10:22.494051265,157.02997,157.04997,19
2026-05-01 10:10:23.662278153,157.02882,157.04882,35
2026-05-01 10:10:24.287286688,157.02931,157.04931,34
2026-05-01 10:10:25.826074229,157.02995,157.04995,54
2026-05-01 10:10:25.964836984,157.03035,157.05035,46
2026-05-01 10:10:26.162545842,157.02833,157.04833,6
2026-05-01 10:10:26.304671362,157.02747,157.04747,83
2026-05-01 10:10:26.523971780,157.02744,157.04744,1
2026-05-01 10:10:27.067920929,157.02792,157.04792,71
2026-05-01 10:10:29.401016671,157.02869,157.04869,34
2026-05-01 10:10:29.614812959,157.02884,157.04884,56
2026-05-01 10:10:30.536853500,157.02917,157.04917,83
2026-05-01 10:10:31.027776699,157.02925,157.04925,97
2026-05-01 10:10:31.567020383,157.02994,157.04994,26
2026-05-01 10:10:31.964981688,157.03025,157.05025,42
2026-05-01 10:10:32.075306818,157.03032,157.05032,91
2026-05-01 10:10:32.638793842,157.03005,157.05005,38
2026-05-01 10:10:33.643398082,157.03013,157.05013,26
2026-05-01 10:10:34.511300404,157.03061,157.05061,99
2026-05-01 10:10:34.567903032,157.03088,157.05088,59
2026-05-01 10:10:34.624152413,157.03126,157.05126,84
2026-05-01 10:10:36.371618288,157.0326,157.0526,24
2026-05-01 10:10:36.458163456,157.03287,157.05287,21
2026-05-01 10:10:37.146014773,157.03222,157.05222,60
2026-05-01 10:10:37.360669546,157.0331,157.0531,90
2026-05-01 10:10:37.764045383,157.03174,157.05174,20
2026-05-01 10:10:37.923093693,157.03066,157.05066,6
2026-05-01 10:10:37.953940581,157.03099,157.05099,67
2026-05-01 10:10:38.658243050,157.03151,157.05151,10
2026-05-01 10:10:39.167522084,157.03026,157.05026,12
2026-05-01 10:10:40.292563836,157.02988,157.04988,97
2026-05-01 10:10:40.870091251,157.02927,157.04927,22
2026-05-01 10:10:41.695911235,157.02879,157.04879,62
2026-05-01 10:10:42.287223482,157.02973,157.04973,61
2026-05-01 10:10:42.399610012,157.03044,157.05044,80
2026-05-01 10:10:42.884576584,157.03042,157.05042,17
2026-05-01 10:10:43.247296501,157.02987,157.04987,10
2026-05-01 10:10:43.759216648,157.02852,157.04852,12
2026-05-01 10:10:44.206484234,157.02994,157.04994,83
2026-05-01 10:10:45.348767793,157.03054,157.05054,40
2026-05-01 10:10:45.496064896,157.02983,157.04983,23
2026-05-01 10:10:45.846616906,157.03055,157.05055,40
2026-05-01 10:10:46.268404033,157.03048,157.05048,74
2026-05-01 10:10:46.745418519,157.03019,157.05019,74
2026-05-01 10:10:47.113332500,157.03063,157.05063,50
2026-05-01 10:10:49.409041441,157.02988,157.04988,10
2026-05-01 10:10:50.086344391,157.02954,157.04954,94
2026-05-01 10:10:51.016640099,157.02966,157.04966,4
2026-05-01 10:10:53.190355784,157.02916,157.04916,1
2026-05-01 10:10:54.735239373,157.02983,157.04983,43
2026-05-01 10:10:55.461467607,157.0317,157.0517,83
2026-05-01 10:10:56.188841445,157.03095,157.05095,5
2026-05-01 10:10:56.683941950,157.02928,157.04928,94
2026-05-01 10:10:57.264072860,157.02728,157.04728,90
2026-05-01 10:10:57.545287201,157.02713,157.04713,34
2026-05-01 10:10:57.743347609,157.02647,157.04647,66
2026-05-01 10:10:58.018701588,157.02667,157.04667,24
2026-05-01 10:10:58.238341083,157.02681,157.04681,14
2026-05-01 10:10:58.677297093,157.0252,157.0452,41
2026-05-01 10:10:58.705229263,157.02339,157.04339,42
2026-05-01 10:10:59.390927951,157.02368,157.04368,13
2026-05-01 10:11:01.322428050,157.02382,157.04382,29
2026-05-01 10:11:02.882299793,157.02339,157.04339,65
2026-05-01 10:11:04.995802401,157.02174,157.04174,46
2026-05-01 10:11:05.636522666,157.02221,157.04221,34
2026-05-01 10:11:06.903477969,157.02348,157.04348,63
2026-05-01 10:11:09.532606726,157.02376,157.04376,4
2026-05-01 10:11:09.725346691,157.02291,157.04291,28
2026-05-01 10:11:09.818698134,157.02296,157.04296,83
2026-05-01 10:11:10.339928202,157.02159,157.04159,1
2026-05-01 10:11:11.669169998,157.02265,157.04265,36
2026-05-01 10:11:13.344889904,157.02273,157.04273,13
2026-05-01 10:11:13.627729768,157.02096,157.04096,5
2026-05-01 10:11:14.333658773,157.02066,157.04066,97
2026-05-01 10:11:14.458328362,157.02112,157.04112,14
2026-05-01 10:11:15.190989050,157.02079,157.04079,80
2026-05-01 10:11:15.772450728,157.02051,157.04051,32
2026-05-01 10:11:16.085153683,157.01929,157.03929,50
2026-05-01 10:11:16.669966854,157.01986,157.03986,27
2026-05-01 10:11:19.816063155,157.01921,157.03921,35
2026-05-01 10:11:19.989317442,157.01705,157.03705,3
2026-05-01 10:11:20.129465767,157.01668,157.03668,4
2026-05-01 10:11:20.805682375,157.01766,157.03766,7
2026-05-01 10:11:22.120186411,157.01727,157.03727,77
2026-05-01 10:11:22.332991449,157.01901,157.03901,3
2026-05-01 10:11:22.914191422,157.01944,157.03944,81
2026-05-01 10:11:23.166457062,157.01978,157.03978,59
2026-05-01 10:11:23.409145116,157.01965,157.03965,74
2026-05-01 10:11:23.749981644,157.01958,157.03958,1
2026-05-01 10:11:24.407065194,157.01932,157.03932,28
2026-05-01 10:11:26.598633165,157.01902,157.03902,59
2026-05-01 10:11:26.874796655,157.01955,157.03955,53
2026-05-01 10:11:27.854259609,157.01861,157.03861,10
2026-05-01 10:11:28.968835617,157.01754,157.03754,71
2026-05-01 10:11:29.144799745,157.01641,157.03641,3
2026-05-01 10:11:29.430230376,157.01846,157.03846,7
2026-05-01 10:11:32.106132471,157.01899,157.03899,9
2026-05-01 10:11:35.048185407,157.01929,157.03929,99
2026-05-01 10:11:35.842806871,157.01824,157.03824,90
2026-05-01 10:11:36.070437456,157.01886,157.03886,69
2026-05-01 10:11:36.200830470,157.01874,157.03874,13
2026-05-01 10:11:37.094863107,157.01896,157.03896,94
2026-05-01 10:11:37.804754882,157.01798,157.03798,40
2026-05-01 10:11:38.055289912,157.01814,157.03814,62
2026-05-01 10:11:38.152830951,157.01772,157.03772,62
2026-05-01 10:11:39.670755149,157.01695,157.03695,10
2026-05-01 10:11:41.041635296,157.01769,157.03769,87
2026-05-01 10:11:41.112449577,157.01615,157.03615,11
2026-05-01 10:11:42.792274384,157.01671,157.03671,76
2026-05-01 10:11:42.855075853,157.0174,157.0374,62
2026-05-01 10:11:43.239220845,157.01652,157.03652,77
2026-05-01 10:11:43.492382784,157.0157,157.0357,56
2026-05-01 10:11:44.405956687,157.01547,157.03547,49
2026-05-01 10:11:45.655330421,157.01576,157.03576,16
2026-05-01 10:11:45.920674398,157.0156,157.0356,73
2026-05-01 10:11:46.194581646,157.01604,157.03604,74
2026-05-01 10:11:48.448677936,157.0178,157.0378,93
2026-05-01 10:11:48.654161529,157.01729,157.03729,9
2026-05-01 10:11:49.161420091,157.01558,157.03558,33
2026-05-01 10:11:49.537330173,157.0164,157.0364,88
2026-05-01 10:11:52.574088542,157.01809,157.03809,35
2026-05-01 10:11:53.852008398,157.01848,157.03848,75
2026-05-01 10:11:54.082317027,157.01739,157.03739,39
2026-05-01 10:11:54.511187421,157.01727,157.03727,77
2026-05-01 10:11:55.978027867,157.01615,157.03615,87
2026-05-01 10:11:56.361615885,157.01679,157.03679,25
2026-05-01 10:11:56.372828500,157.01544,157.03544,80
2026-05-01 10:11:56.973937488,157.01514,157.03514,56
2026-05-01 10:11:57.580238952,157.01414,157.03414,48
2026-05-01 10:11:58.028667744,157.01426,157.03426,85
2026-05-01 10:11:59.509514791,157.0139,157.0339,10
2026-05-01 10:12:01.115982048,157.01407,157.03407,41
2026-05-01 10:12:01.737865926,157.0141,157.0341,83
2026-05-01 10:12:01.768058804,157.01311,157.03311,99
2026-05-01 10:12:03.818582581,157.01374,157.03374,59
2026-05-01 10:12:04.463836002,157.01369,157.03369,28
2026-05-01 10:12:04.589845369,157.0127,157.0327,41
2026-05-01 10:12:05.420476508,157.01494,157.03494,66
2026-05-01 10:12:05.601609917,157.01542,157.03542,51
2026-05-01 10:12:07.042369087,157.01526,157.03526,62
2026-05-01 10:12:07.403374737,157.01668,157.03668,30
2026-05-01 10:12:07.529839276,157.01852,157.03852,40
2026-05-01 10:12:08.083268084,157.01837,157.03837,40
2026-05-01 10:12:08.392461214,157.01872,157.03872,69
2026-05-01 10:12:09.884862382,157.01773,157.03773,62
2026-05-01 10:12:10.229964834,157.01759,157.03759,15
2026-05-01 10:12:10.595108635,157.01739,157.03739,3
2026-05-01 10:12:12.833802866,157.01757,157.03757,24
2026-05-01 10:12:12.986517236,157.01791,157.03791,41
2026-05-01 10:12:13.300309025,157.01847,157.03847,63
2026-05-01 10:12:13.527101804,157.0187,157.0387,48
2026-05-01 10:12:13.625194075,157.01749,157.03749,61
2026-05-01 10:12:13.630326285,157.01655,157.03655,48
2026-05-01 10:12:16.791692645,157.01601,157.03601,47
2026-05-01 10:12:17.240132110,157.01573,157.03573,56
2026-05-01 10:12:18.070041532,157.01678,157.03678,76
2026-05-01 10:12:18.114941278,157.01561,157.03561,8
2026-05-01 10:12:18.489330601,157.01526,157.03526,78
2026-05-01 10:12:20.466663533,157.01621,157.03621,18
2026-05-01 10:12:21.212241842,157.01591,157.03591,84
2026-05-01 10:12:21.900192703,157.01637,157.03637,23
2026-05-01 10:12:22.491855618,157.01623,157.03623,69
2026-05-01 10:12:22.656678324,157.01649,157.03649,65
2026-05-01 10:12:23.508063900,157.01626,157.03626,46
2026-05-01 10:12:24.443543736,157.01692,157.03692,66
2026-05-01 10:12:24.725626995,157.01538,157.03538,80
2026-05-01 10:12:25.020458255,157.01502,157.03502,69
2026-05-01 10:12:27.177902170,157.01531,157.03531,22
2026-05-01 10:12:27.643579998,157.01585,157.03585,65
2026-05-01 10:12:28.507506569,157.01734,157.03734,12
2026-05-01 10:12:29.581790288,157.01695,157.03695,19
2026-05-01 10:12:29.589475565,157.01843,157.03843,22
2026-05-01 10:12:30.418580220,157.01777,157.03777,55
2026-05-01 10:12:31.054228933,157.0191,157.0391,62
2026-05-01 10:12:31.474498196,157.01992,157.03992,51
2026-05-01 10:12:32.072530321,157.019,157.039,48
2026-05-01 10:12:32.258280628,157.01931,157.03931,17
2026-05-01 10:12:32.273246216,157.01926,157.03926,13
2026-05-01 10:12:32.888450407,157.01988,157.03988,28
2026-05-01 10:12:33.555170494,157.01966,157.03966,67
2026-05-01 10:12:33.556564136,157.01935,157.03935,5
2026-05-01 10:12:35.497284610,157.02072,157.04072,60
2026-05-01 10:12:38.487488265,157.02062,157.04062,15
2026-05-01 10:12:38.627440206,157.02145,157.04145,81
2026-05-01 10:12:38.831170376,157.02122,157.04122,44
2026-05-01 10:12:38.889917254,157.02289,157.04289,46
2026-05-01 10:12:39.410639687,157.02221,157.04221,29
2026-05-01 10:12:39.480677719,157.0216,157.0416,68
2026-05-01 10:12:39.698254088,157.02312,157.04312,96
2026-05-01 10:12:40.682487232,157.02268,157.04268,49
2026-05-01 10:12:40.785726684,157.02428,157.04428,43
2026-05-01 10:12:41.216835104,157.02517,157.04517,68
2026-05-01 10:12:41.734945964,157.02502,157.04502,77
2026-05-01 10:12:41.796178966,157.0232,157.0432,20
2026-05-01 10:12:42.295091134,157.02318,157.04318,18
2026-05-01 10:12:42.521791707,157.02329,157.04329,64
2026-05-01 10:12:42.882561677,157.02445,157.04445,49
2026-05-01 10:12:43.862759625,157.02604,157.04604,42
2026-05-01 10:12:44.136139024,157.02536,157.04536,12
2026-05-01 10:12:44.354545541,157.02616,157.04616,89
2026-05-01 10:12:44.739558636,157.02692,157.04692,94
2026-05-01 10:12:46.668695649,157.028,157.048,79
2026-05-01 10:12:47.469818217,157.02849,157.04849,36
2026-05-01 10:12:47.507422563,157.02655,157.04655,8
2026-05-01 10:12:47.690056343,157.0264,157.0464,28
2026-05-01 10:12:48.325097536,157.02524,157.04524,86
2026-05-01 10:12:48.965068817,157.02504,157.04504,60
2026-05-01 10:12:49.111149340,157.02602,157.04602,49
2026-05-01 10:12:49.513846282,157.02632,157.04632,38
2026-05-01 10:12:49.823023534,157.02747,157.04747,80
2026-05-01 10:12:50.260599554,157.02781,157.04781,58
2026-05-01 10:12:50.337080457,157.02652,157.04652,5
2026-05-01 10:12:50.609766319,157.02399,157.04399,46
2026-05-01 10:12:51.638481646,157.02414,157.04414,98
2026-05-01 10:12:53.000052844,157.02393,157.04393,75
2026-05-01 10:12:53.643978928,157.02295,157.04295,2
2026-05-01 10:12:53.663158381,157.02125,157.04125,89
2026-05-01 10:12:56.818274351,157.02052,157.04052,25
2026-05-01 10:12:57.056795747,157.02032,157.04032,1
2026-05-01 10:12:57.329626398,157.02099,157.04099,95
2026-05-01 10:12:57.785429740,157.02118,157.04118,69
2026-05-01 10:12:57.920827510,157.02278,157.04278,40
2026-05-01 10:13:00.482683559,157.02175,157.04175,68
2026-05-01 10:13:01.973296894,157.02263,157.04263,69
2026-05-01 10:13:02.514283497,157.02268,157.04268,69
2026-05-01 10:13:04.898032614,157.02337,157.04337,16
2026-05-01 10:13:06.702314229,157.02294,157.04294,54
2026-05-01 10:13:06.812006650,157.02401,157.04401,63
2026-05-01 10:13:07.362502388,157.0243,157.0443,18
2026-05-01 10:13:08.273035696,157.02362,157.04362,17
2026-05-01 10:13:09.322999704,157.02361,157.04361,99
2026-05-01 10:13:10.100630478,157.02337,157.04337,82
2026-05-01 10:13:11.014418933,157.02386,157.04386,4
2026-05-01 10:13:12.127592118,157.02268,157.04268,95
2026-05-01 10:13:12.373856599,157.02265,157.04265,95
2026-05-01 10:13:14.838486599,157.02305,157.04305,9
2026-05-01 10:13:15.109416559,157.02308,157.04308,31
2026-05-01 10:13:15.413614546,157.02443,157.04443,5
2026-05-01 10:13:15.910797421,157.0252,157.0452,16
2026-05-01 10:13:16.345911886,157.02519,157.04519,42
2026-05-01 10:13:16.548506077,157.02541,157.04541,41
2026-05-01 10:13:17.188271949,157.02571,157.04571,80
2026-05-01 10:13:19.124178337,157.02611,157.04611,84
2026-05-01 10:13:19.186311297,157.02428,157.04428,30
2026-05-01 10:13:20.621872604,157.02398,157.04398,26
2026-05-01 10:13:22.887928713,157.0225,157.0425,49
2026-05-01 10:13:23.469599692,157.02378,157.04378,31
2026-05-01 10:13:25.821259663,157.02371,157.04371,50
2026-05-01 10:13:26.680095609,157.02352,157.04352,15
2026-05-01 10:13:28.135718339,157.02442,157.04442,52
2026-05-01 10:13:29.157419486,157.02484,157.04484,38
2026-05-01 10:13:29.258595667,157.02371,157.04371,38
2026-05-01 10:13:30.022539791,157.02364,157.04364,60
2026-05-01 10:13:30.029759314,157.02331,157.04331,20
2026-05-01 10:13:30.578810965,157.02156,157.04156,99
2026-05-01 10:13:30.651359010,157.02087,157.04087,87
2026-05-01 10:13:30.786451314,157.02069,157.04069,44
2026-05-01 10:13:32.451920521,157.02057,157.04057,89
2026-05-01 10:13:32.578641931,157.01909,157.03909,63
2026-05-01 10:13:34.318123851,157.02024,157.04024,50
2026-05-01 10:13:34.361446812,157.02014,157.04014,22
2026-05-01 10:13:35.264807465,157.02018,157.04018,72
2026-05-01 10:13:35.313930053,157.02058,157.04058,54
2026-05-01 10:13:35.352851806,157.01979,157.03979,9
2026-05-01 10:13:35.785234037,157.02025,157.04025,15
2026-05-01 10:13:36.387087978,157.01988,157.03988,48
2026-05-01 10:13:37.009352932,157.01898,157.03898,20
2026-05-01 10:13:37.614663837,157.01956,157.03956,35
2026-05-01 10:13:38.251478616,157.02105,157.04105,67
2026-05-01 10:13:39.086103392,157.02177,157.04177,60
2026-05-01 10:13:39.636433031,157.0227,157.0427,98
2026-05-01 10:13:40.405940000,157.02218,157.04218,34
2026-05-01 10:13:40.554387258,157.02058,157.04058,99
2026-05-01 10:13:41.489651193,157.02207,157.04207,73
2026-05-01 10:13:44.310994074,157.02412,157.04412,94
2026-05-01 10:13:44.636651949,157.02567,157.04567,54
2026-05-01 10:13:46.142100034,157.02533,157.04533,90
2026-05-01 10:13:46.335877458,157.02417,157.04417,12
2026-05-01 10:13:46.825138122,157.02311,157.04311,88
2026-05-01 10:13:47.517578828,157.02143,157.04143,19
2026-05-01 10:13:48.078745162,157.02132,157.04132,80
2026-05-01 10:13:49.052484445,157.02292,157.04292,26
2026-05-01 10:13:50.167850441,157.02278,157.04278,23
2026-05-01 10:13:50.841423688,157.02308,157.04308,33
2026-05-01 10:13:50.878979621,157.02446,157.04446,57
2026-05-01 10:13:52.861610266,157.02406,157.04406,30
2026-05-01 10:13:54.257228580,157.02609,157.04609,23
2026-05-01 10:13:55.723011649,157.02808,157.04808,74
2026-05-01 10:13:56.200513443,157.02795,157.04795,36
2026-05-01 10:13:57.170498108,157.02737,157.04737,95
2026-05-01 10:13:57.588435359,157.02807,157.04807,86
2026-05-01 10:13:57.781093184,157.02772,157.04772,43
2026-05-01 10:13:57.838064775,157.02657,157.04657,66
2026-05-01 10:13:58.407773409,157.02785,157.04785,53
2026-05-01 10:13:59.398136801,157.02907,157.04907,87
2026-05-01 10:14:00.584899935,157.02922,157.04922,99
2026-05-01 10:14:00.989575684,157.02796,157.04796,60
2026-05-01 10:14:01.527076254,157.02673,157.04673,37
2026-05-01 10:14:01.665893100,157.02684,157.04684,61
2026-05-01 10:14:02.863773469,157.02634,157.04634,96
2026-05-01 10:14:02.882518278,157.02599,157.04599,53
2026-05-01 10:14:03.868120897,157.02702,157.04702,12
2026-05-01 10:14:04.618960529,157.02775,157.04775,35
2026-05-01 10:14:05.826471910,157.02913,157.04913,67
2026-05-01 10:14:06.013249529,157.02814,157.04814,98
2026-05-01 10:14:06.188976795,157.02779,157.04779,38
2026-05-01 10:14:06.369361081,157.02855,157.04855,24
2026-05-01 10:14:06.412193670,157.029,157.049,81
2026-05-01 10:14:07.807796809,157.03053,157.05053,40
2026-05-01 10:14:09.158459094,157.03095,157.05095,65
2026-05-01 10:14:09.401882122,157.0328,157.0528,57
2026-05-01 10:14:10.786758875,157.03334,157.05334,72
2026-05-01 10:14:11.174080495,157.0344,157.0544,79
2026-05-01 10:14:12.020574648,157.03408,157.05408,45
2026-05-01 10:14:12.924276680,157.0341,157.0541,89
2026-05-01 10:14:13.218889906,157.03501,157.05501,72
2026-05-01 10:14:14.235113339,157.03662,157.05662,96
2026-05-01 10:14:14.705487665,157.03735,157.05735,13
2026-05-01 10:14:15.488997130,157.03727,157.05727,79
2026-05-01 10:14:15.738565028,157.03864,157.05864,6
2026-05-01 10:14:17.812838371,157.03645,157.05645,97
2026-05-01 10:14:18.315188452,157.03503,157.05503,71
2026-05-01 10:14:18.756038686,157.03571,157.05571,97
2026-05-01 10:14:19.543281635,157.03572,157.05572,47
2026-05-01 10:14:21.078570755,157.03633,157.05633,93
2026-05-01 10:14:22.176877203,157.03639,157.05639,44
2026-05-01 10:14:22.271758311,157.03697,157.05697,32
2026-05-01 10:14:22.287349098,157.03615,157.05615,3
2026-05-01 10:14:23.030644802,157.03672,157.05672,54
2026-05-01 10:14:23.215873003,157.03772,157.05772,84
2026-05-01 10:14:23.661180462,157.03894,157.05894,78
2026-05-01 10:14:25.146662896,157.04095,157.06095,92
2026-05-01 10:14:25.492049668,157.04119,157.06119,38
2026-05-01 10:14:25.505198668,157.04147,157.06147,4
2026-05-01 10:14:25.950934525,157.03994,157.05994,79
2026-05-01 10:14:26.617748711,157.03941,157.05941,17
2026-05-01 10:14:26.722676439,157.03922,157.05922,37
2026-05-01 10:14:26.790567281,157.04027,157.06027,88
2026-05-01 10:14:27.220847975,157.03966,157.05966,36
2026-05-01 10:14:27.469121556,157.04046,157.06046,58
2026-05-01 10:14:28.020598106,157.04045,157.06045,41
2026-05-01 10:14:28.081577596,157.04028,157.06028,8
2026-05-01 10:14:28.578271924,157.04053,157.06053,67
2026-05-01 10:14:30.916768117,157.04013,157.06013,30
2026-05-01 10:14:31.380003493,157.03971,157.05971,86
2026-05-01 10:14:32.319321079,157.038,157.058,52
2026-05-01 10:14:33.107232185,157.03775,157.05775,97
2026-05-01 10:14:33.381585639,157.03727,157.05727,25
2026-05-01 10:14:33.877856750,157.03676,157.05676,52
2026-05-01 10:14:33.971563841,157.03717,157.05717,59
2026-05-01 10:14:33.982210747,157.03783,157.05783,30
2026-05-01 10:14:34.809909366,157.03806,157.05806,67
2026-05-01 10:14:37.579872026,157.03906,157.05906,4
2026-05-01 10:14:37.602326978,157.03964,157.05964,93
2026-05-01 10:14:38.675290882,157.03934,157.05934,57
2026-05-01 10:14:39.191380872,157.03888,157.05888,63
2026-05-01 10:14:41.866201322,157.03919,157.05919,32
2026-05-01 10:14:41.984606155,157.03976,157.05976,87
2026-05-01 10:14:42.137826267,157.04116,157.06116,83
2026-05-01 10:14:42.598726851,157.04235,157.06235,79
2026-05-01 10:14:44.960514304,157.04181,157.06181,51
2026-05-01 10:14:45.028884950,157.04171,157.06171,63
2026-05-01 10:14:45.623724890,157.04238,157.06238,80
2026-05-01 10:14:45.975289850,157.04345,157.06345,87
2026-05-01 10:14:47.381698554,157.04439,157.06439,1
2026-05-01 10:14:47.643210952,157.04432,157.06432,19
2026-05-01 10:14:47.893135742,157.04307,157.06307,35
2026-05-01 10:14:48.839033834,157.04207,157.06207,63
2026-05-01 10:14:48.937730861,157.04234,157.06234,94
2026-05-01 10:14:49.721932316,157.04269,157.06269,81
2026-05-01 10:14:51.691392281,157.04159,157.06159,26
2026-05-01 10:14:54.940009095,157.04163,157.06163,13
2026-05-01 10:14:55.286285585,157.04226,157.06226,86
2026-05-01 10:14:55.290058302,157.04111,157.06111,23
2026-05-01 10:14:55.452472803,157.04222,157.06222,97
2026-05-01 10:14:57.222295494,157.04184,157.06184,91
2026-05-01 10:14:57.571304663,157.0431,157.0631,35
2026-05-01 10:14:58.709860561,157.04256,157.06256,12
2026-05-01 10:15:00.640150822,157.04154,157.06154,9
2026-05-01 10:15:01.337703858,157.04108,157.06108,98
2026-05-01 10:15:01.808863892,157.04098,157.06098,78
2026-05-01 10:15:03.501336953,157.04059,157.06059,67
2026-05-01 10:15:03.958487269,157.04038,157.06038,44
2026-05-01 10:15:03.961546291,157.04071,157.06071,61
2026-05-01 10:15:04.633145368,157.04054,157.06054,21
2026-05-01 10:15:04.760248172,157.04048,157.06048,7
2026-05-01 10:15:05.776821691,157.03877,157.05877,97
2026-05-01 10:15:06.772615542,157.03916,157.05916,99
2026-05-01 10:15:06.877413931,157.03907,157.05907,11
2026-05-01 10:15:07.214600620,157.04068,157.06068,45
2026-05-01 10:15:07.993020086,157.03974,157.05974,32
2026-05-01 10:15:08.030321102,157.03793,157.05793,86
2026-05-01 10:15:08.177661329,157.03855,157.05855,83
2026-05-01 10:15:08.191137716,157.0389,157.0589,36
2026-05-01 10:15:09.106139264,157.03789,157.05789,37
2026-05-01 10:15:09.241002608,157.03636,157.05636,75
2026-05-01 10:15:09.865022018,157.0379,157.0579,41
2026-05-01 10:15:10.542566905,157.03931,157.05931,77
2026-05-01 10:15:11.126240613,157.03682,157.05682,92
2026-05-01 10:15:11.787303732,157.03636,157.05636,49
2026-05-01 10:15:11.922284499,157.03803,157.05803,15
2026-05-01 10:15:12.972953712,157.03755,157.05755,13
2026-05-01 10:15:13.132962363,157.03706,157.05706,53
2026-05-01 10:15:13.484362054,157.03678,157.05678,33
2026-05-01 10:15:13.939615254,157.03566,157.05566,72
2026-05-01 10:15:13.999779035,157.03395,157.05395,32
2026-05-01 10:15:14.641747007,157.03501,157.05501,48
2026-05-01 10:15:14.835691093,157.03316,157.05316,68
2026-05-01 10:15:15.138819149,157.03341,157.05341,57
2026-05-01 10:15:15.195534242,157.0343,157.0543,62
2026-05-01 10:15:15.704562361,157.03284,157.05284,82
2026-05-01 10:15:15.713666154,157.03192,157.05192,87
2026-05-01 10:15:16.645526976,157.03313,157.05313,93
2026-05-01 10:15:17.338116207,157.03367,157.05367,2
2026-05-01 10:15:17.918368790,157.03305,157.05305,77
2026-05-01 10:15:17.998032038,157.03425,157.05425,16
2026-05-01 10:15:18.578180128,157.03546,157.05546,8
2026-05-01 10:15:19.537082173,157.03573,157.05573,19
2026-05-01 10:15:20.518106352,157.03483,157.05483,32
2026-05-01 10:15:20.640968801,157.03441,157.05441,67
2026-05-01 10:15:21.930040495,157.0347,157.0547,32
2026-05-01 10:15:22.289373836,157.03451,157.05451,85
2026-05-01 10:15:22.954124235,157.03545,157.05545,25
2026-05-01 10:15:23.946207759,157.03392,157.05392,53
2026-05-01 10:15:24.119471625,157.03243,157.05243,81
2026-05-01 10:15:24.438884069,157.03261,157.05261,25
2026-05-01 10:15:27.031949049,157.03212,157.05212,33
2026-05-01 10:15:27.863045808,157.03149,157.05149,31
2026-05-01 10:15:27.933997756,157.02972,157.04972,36
2026-05-01 10:15:28.098612529,157.02974,157.04974,87
2026-05-01 10:15:28.648137075,157.02969,157.04969,89
2026-05-01 10:15:29.062144003,157.03034,157.05034,49
2026-05-01 10:15:29.268898769,157.03041,157.05041,44
2026-05-01 10:15:29.312977902,157.03028,157.05028,48
2026-05-01 10:15:29.947789090,157.03145,157.05145,30
2026-05-01 10:15:31.540442160,157.03014,157.05014,13
2026-05-01 10:15:32.507433236,157.03068,157.05068,43
2026-05-01 10:15:33.688643214,157.02901,157.04901,93
2026-05-01 10:15:33.885057528,157.02817,157.04817,16
2026-05-01 10:15:34.437353202,157.02696,157.04696,91
2026-05-01 10:15:34.970496608,157.02774,157.04774,26
2026-05-01 10:15:36.580822768,157.02767,157.04767,75
2026-05-01 10:15:36.620928940,157.02766,157.04766,47
2026-05-01 10:15:38.289514257,157.02655,157.04655,37
2026-05-01 10:15:38.307118840,157.02625,157.04625,3
2026-05-01 10:15:38.332416256,157.02549,157.04549,26
2026-05-01 10:15:38.453209697,157.02587,157.04587,98
2026-05-01 10:15:38.532093946,157.02488,157.04488,97
2026-05-01 10:15:38.542536311,157.02621,157.04621,15
2026-05-01 10:15:40.567547212,157.02454,157.04454,66
2026-05-01 10:15:40.696875528,157.02373,157.04373,28
2026-05-01 10:15:41.114712529,157.02541,157.04541,84
2026-05-01 10:15:41.164729846,157.02497,157.04497,38
2026-05-01 10:15:42.065001711,157.02366,157.04366,44
2026-05-01 10:15:42.290357172,157.02388,157.04388,53
2026-05-01 10:15:42.344197585,157.0234,157.0434,80
2026-05-01 10:15:42.705015312,157.02256,157.04256,4
2026-05-01 10:15:43.010949558,157.02147,157.04147,72
2026-05-01 10:15:43.305254283,157.02424,157.04424,44
2026-05-01 10:15:43.775004273,157.02399,157.04399,46
2026-05-01 10:15:44.963119313,157.02206,157.04206,84
2026-05-01 10:15:45.273398434,157.02355,157.04355,26
2026-05-01 10:15:46.721663265,157.02416,157.04416,96
2026-05-01 10:15:47.270207803,157.0234,157.0434,13
2026-05-01 10:15:47.287332916,157.02246,157.04246,69
2026-05-01 10:15:48.145704740,157.02314,157.04314,44
2026-05-01 10:15:48.308653485,157.02289,157.04289,53
2026-05-01 10:15:48.348205769,157.02097,157.04097,51
2026-05-01 10:15:48.447168872,157.02275,157.04275,13
2026-05-01 10:15:49.034689181,157.02232,157.04232,41
2026-05-01 10:15:51.564798180,157.02381,157.04381,11
2026-05-01 10:15:51.693535827,157.02509,157.04509,37
2026-05-01 10:15:52.334748709,157.02409,157.04409,60
2026-05-01 10:15:53.788725661,157.02512,157.04512,32
2026-05-01 10:15:54.177643741,157.02447,157.04447,45
2026-05-01 10:15:54.533357888,157.02261,157.04261,18
2026-05-01 10:15:54.748733377,157.02218,157.04218,93
2026-05-01 10:15:55.553429110,157.02258,157.04258,79
2026-05-01 10:15:57.670552132,157.02212,157.04212,20
2026-05-01 10:15:58.911304806,157.02181,157.04181,44
2026-05-01 10:15:59.111453783,157.02295,157.04295,36
2026-05-01 10:15:59.646658191,157.02306,157.04306,69
2026-05-01 10:16:00.597615767,157.02222,157.04222,37
2026-05-01 10:16:01.055801394,157.02292,157.04292,33
2026-05-01 10:16:01.311969740,157.02312,157.04312,82
2026-05-01 10:16:02.608711675,157.02059,157.04059,19
2026-05-01 10:16:03.202643956,157.02102,157.04102,51
2026-05-01 10:16:03.564213597,157.02141,157.04141,32
2026-05-01 10:16:04.376779680,157.02143,157.04143,22
2026-05-01 10:16:04.619040598,157.02233,157.04233,1
2026-05-01 10:16:04.909644844,157.02165,157.04165,54
2026-05-01 10:16:06.257469549,157.02199,157.04199,89
2026-05-01 10:16:06.778926496,157.02042,157.04042,20
2026-05-01 10:16:07.785673960,157.02083,157.04083,58
2026-05-01 10:16:07.920677060,157.02278,157.04278,35
2026-05-01 10:16:07.932931738,157.02179,157.04179,70
2026-05-01 10:16:08.949123149,157.02103,157.04103,70
2026-05-01 10:16:10.457651405,157.02032,157.04032,61
2026-05-01 10:16:11.845099715,157.02045,157.04045,63
2026-05-01 10:16:12.274584099,157.01939,157.03939,61
2026-05-01 10:16:13.197281914,157.01981,157.03981,57
2026-05-01 10:16:13.564658732,157.02065,157.04065,3
2026-05-01 10:16:14.549392399,157.02119,157.04119,95
2026-05-01 10:16:15.015718688,157.01942,157.03942,99
2026-05-01 10:16:15.308664921,157.02042,157.04042,45
2026-05-01 10:16:15.721489637,157.02135,157.04135,15
2026-05-01 10:16:16.511635252,157.02218,157.04218,17
2026-05-01 10:16:16.762563554,157.02256,157.04256,15
2026-05-01 10:16:17.370142319,157.02278,157.04278,5
2026-05-01 10:16:18.380280918,157.02381,157.04381,86
2026-05-01 10:16:18.715781044,157.02573,157.04573,46
2026-05-01 10:16:19.604887907,157.02478,157.04478,11
2026-05-01 10:16:21.004068662,157.02586,157.04586,64
2026-05-01 10:16:21.871956212,157.02577,157.04577,92
2026-05-01 10:16:21.874624224,157.02564,157.04564,14
2026-05-01 10:16:22.366218408,157.0241,157.0441,39
2026-05-01 10:16:22.821687001,157.02382,157.04382,67
2026-05-01 10:16:23.526506288,157.02282,157.04282,55
2026-05-01 10:16:25.094142616,157.02236,157.04236,42
2026-05-01 10:16:25.576536495,157.02126,157.04126,75
2026-05-01 10:16:26.159768718,157.02081,157.04081,94
2026-05-01 10:16:27.189881248,157.02041,157.04041,5
2026-05-01 10:16:27.469114699,157.0205,157.0405,52
2026-05-01 10:16:28.560235552,157.01889,157.03889,22
2026-05-01 10:16:30.150797851,157.01744,157.03744,77
2026-05-01 10:16:34.502110609,157.0178,157.0378,44
2026-05-01 10:16:35.271024854,157.01701,157.03701,85
2026-05-01 10:16:35.368072565,157.01808,157.03808,59
2026-05-01 10:16:35.583799280,157.01831,157.03831,25
2026-05-01 10:16:36.275481988,157.01891,157.03891,21
2026-05-01 10:16:36.325650301,157.02032,157.04032,92
2026-05-01 10:16:36.462618970,157.02001,157.04001,64
2026-05-01 10:16:38.298209615,157.01944,157.03944,68
2026-05-01 10:16:39.555643075,157.02031,157.04031,93
2026-05-01 10:16:40.511317792,157.02082,157.04082,47
2026-05-01 10:16:42.216249689,157.02063,157.04063,35
2026-05-01 10:16:42.566672046,157.02202,157.04202,87
2026-05-01 10:16:42.629309649,157.02181,157.04181,7
2026-05-01 10:16:42.758923176,157.02185,157.04185,56
2026-05-01 10:16:43.363733324,157.02187,157.04187,52
2026-05-01 10:16:44.041700677,157.02093,157.04093,46
2026-05-01 10:16:44.355796694,157.02101,157.04101,9
2026-05-01 10:16:45.489034245,157.02241,157.04241,58
2026-05-01 10:16:45.988082248,157.02285,157.04285,23
2026-05-01 10:16:46.361111709,157.02288,157.04288,3
2026-05-01 10:16:47.909112396,157.02272,157.04272,61
2026-05-01 10:16:48.173502383,157.02305,157.04305,9
2026-05-01 10:16:48.322647366,157.0238,157.0438,53
2026-05-01 10:16:48.604909702,157.02441,157.04441,68
2026-05-01 10:16:48.814865518,157.02408,157.04408,49
2026-05-01 10:16:50.336530993,157.0244,157.0444,89
2026-05-01 10:16:51.592870527,157.02488,157.04488,70
2026-05-01 10:16:51.981366564,157.02388,157.04388,48
2026-05-01 10:16:52.704042482,157.02404,157.04404,82
2026-05-01 10:16:53.123001951,157.02188,157.04188,7
2026-05-01 10:16:53.781232027,157.02237,157.04237,99
2026-05-01 10:16:54.170546734,157.02303,157.04303,31
2026-05-01 10:16:54.253948446,157.02377,157.04377,56
2026-05-01 10:16:54.654419818,157.02338,157.04338,96
2026-05-01 10:16:56.108051755,157.02369,157.04369,99
2026-05-01 10:16:56.633257467,157.02511,157.04511,61
2026-05-01 10:16:56.809512286,157.02653,157.04653,92
2026-05-01 10:16:57.961590357,157.0265,157.0465,5
2026-05-01 10:16:59.601724448,157.02664,157.04664,30
2026-05-01 10:17:01.279662842,157.02775,157.04775,22
2026-05-01 10:17:02.198326279,157.02625,157.04625,17
2026-05-01 10:17:03.387291312,157.02592,157.04592,10
2026-05-01 10:17:03.705909988,157.02726,157.04726,71
2026-05-01 10:17:04.195454547,157.02823,157.04823,68
2026-05-01 10:17:05.967908890,157.0286,157.0486,42
2026-05-01 10:17:06.407196238,157.0271,157.0471,27
2026-05-01 10:17:06.677837389,157.02705,157.04705,7
2026-05-01 10:17:08.056584008,157.02646,157.04646,23
2026-05-01 10:17:08.262992204,157.02679,157.04679,75
2026-05-01 10:17:08.462146663,157.02598,157.04598,8
2026-05-01 10:17:08.522068566,157.02495,157.04495,8
2026-05-01 10:17:08.706921643,157.02289,157.04289,5
2026-05-01 10:17:09.540110780,157.02411,157.04411,71
2026-05-01 10:17:09.608083193,157.02371,157.04371,86
2026-05-01 10:17:10.046059608,157.02387,157.04387,2
2026-05-01 10:17:10.186047004,157.02386,157.04386,88
2026-05-01 10:17:11.626502659,157.0228,157.0428,51
2026-05-01 10:17:12.980090529,157.02154,157.04154,66
2026-05-01 10:17:14.550901326,157.02053,157.04053,12
2026-05-01 10:17:15.608191130,157.01981,157.03981,47
2026-05-01 10:17:15.849357671,157.02018,157.04018,55
2026-05-01 10:17:15.908318806,157.01938,157.03938,26
2026-05-01 10:17:17.367259295,157.02113,157.04113,45
2026-05-01 10:17:18.528152050,157.02215,157.04215,62
2026-05-01 10:17:19.046714549,157.02296,157.04296,70
2026-05-01 10:17:19.942685916,157.02284,157.04284,87
2026-05-01 10:17:20.509612130,157.02436,157.04436,2
2026-05-01 10:17:21.916580182,157.02414,157.04414,26
2026-05-01 10:17:23.243079056,157.02411,157.04411,14
2026-05-01 10:17:26.059270169,157.02428,157.04428,82
2026-05-01 10:17:26.352185427,157.02498,157.04498,57
2026-05-01 10:17:27.711476068,157.02562,157.04562,32
2026-05-01 10:17:28.526256279,157.02514,157.04514,62
2026-05-01 10:17:28.526917383,157.02461,157.04461,78
2026-05-01 10:17:31.321720263,157.02525,157.04525,30
2026-05-01 10:17:31.351338938,157.02596,157.04596,13
2026-05-01 10:17:31.895271897,157.02557,157.04557,40
2026-05-01 10:17:33.886079440,157.02398,157.04398,31
2026-05-01 10:17:33.892743568,157.02378,157.04378,37
2026-05-01 10:17:34.341047540,157.0244,157.0444,45
2026-05-01 10:17:35.579762592,157.0262,157.0462,86
2026-05-01 10:17:35.624811550,157.02501,157.04501,59
2026-05-01 10:17:36.204820909,157.02458,157.04458,28
2026-05-01 10:17:37.655295920,157.02419,157.04419,61
2026-05-01 10:17:37.837849803,157.02555,157.04555,19
2026-05-01 10:17:38.131509035,157.02551,157.04551,43
2026-05-01 10:17:38.929062689,157.0246,157.0446,59
2026-05-01 10:17:39.575407883,157.02516,157.04516,16
2026-05-01 10:17:40.384057575,157.02476,157.04476,69
2026-05-01 10:17:40.581918808,157.02353,157.04353,44
2026-05-01 10:17:41.658192285,157.02264,157.04264,66
2026-05-01 10:17:41.661666716,157.02438,157.04438,10
2026-05-01 10:17:41.668205468,157.02476,157.04476,47
2026-05-01 10:17:45.300005587,157.02487,157.04487,19
2026-05-01 10:17:46.325750115,157.02462,157.04462,84
2026-05-01 10:17:48.071046927,157.02491,157.04491,93
2026-05-01 10:17:49.248827834,157.02519,157.04519,89
2026-05-01 10:17:50.371639822,157.02548,157.04548,81
2026-05-01 10:17:51.275643713,157.0256,157.0456,51
2026-05-01 10:17:51.330979716,157.02647,157.04647,13
2026-05-01 10:17:51.993962393,157.02649,157.04649,63
2026-05-01 10:17:54.596182138,157.02551,157.04551,16
2026-05-01 10:17:54.729691218,157.0249,157.0449,53
2026-05-01 10:17:55.547780830,157.02292,157.04292,35
2026-05-01 10:17:55.675596867,157.02495,157.04495,59
2026-05-01 10:17:56.755093610,157.02581,157.04581,39
2026-05-01 10:17:59.012151983,157.02498,157.04498,67
2026-05-01 10:17:59.346623379,157.0247,157.0447,73
2026-05-01 10:17:59.405476911,157.02406,157.04406,61
2026-05-01 10:18:00.350385796,157.0256,157.0456,50
2026-05-01 10:18:01.216805882,157.02418,157.04418,53
2026-05-01 10:18:02.236481884,157.0243,157.0443,46
2026-05-01 10:18:03.001615945,157.02419,157.04419,52
2026-05-01 10:18:03.400351243,157.02502,157.04502,29
2026-05-01 10:18:03.567586122,157.02491,157.04491,5
2026-05-01 10:18:04.398862093,157.02315,157.04315,67
2026-05-01 10:18:07.616820822,157.0229,157.0429,74
2026-05-01 10:18:08.977166891,157.02193,157.04193,95
2026-05-01 10:18:09.102848131,157.02201,157.04201,75
2026-05-01 10:18:10.155196339,157.02344,157.04344,81
2026-05-01 10:18:10.312663463,157.0217,157.0417,40
2026-05-01 10:18:10.407757934,157.0209,157.0409,72
2026-05-01 10:18:11.484538560,157.02035,157.04035,2
2026-05-01 10:18:12.059134075,157.01997,157.03997,68
2026-05-01 10:18:12.548973261,157.02071,157.04071,62
2026-05-01 10:18:13.699393288,157.02054,157.04054,80
2026-05-01 10:18:14.257313813,157.02095,157.04095,58
2026-05-01 10:18:14.578942526,157.02033,157.04033,85
2026-05-01 10:18:14.749685456,157.02056,157.04056,69
2026-05-01 10:18:15.150839200,157.02133,157.04133,58
2026-05-01 10:18:16.043140201,157.0206,157.0406,35
2026-05-01 10:18:17.395295979,157.02138,157.04138,14
2026-05-01 10:18:18.281108982,157.02144,157.04144,15
2026-05-01 10:18:19.138784693,157.02248,157.04248,6
2026-05-01 10:18:20.585802127,157.02228,157.04228,16
2026-05-01 10:18:21.190942623,157.02266,157.04266,87
2026-05-01 10:18:22.640400604,157.02262,157.04262,95
2026-05-01 10:18:24.130102435,157.02252,157.04252,46
2026-05-01 10:18:24.226757393,157.02278,157.04278,63
2026-05-01 10:18:24.572753201,157.02332,157.04332,12
2026-05-01 10:18:26.575508478,157.02207,157.04207,41
2026-05-01 10:18:26.995047141,157.0235,157.0435,19
2026-05-01 10:18:27.242679695,157.02164,157.04164,76
2026-05-01 10:18:28.050525646,157.02096,157.04096,77
2026-05-01 10:18:28.079313795,157.02087,157.04087,2
2026-05-01 10:18:29.844310885,157.02128,157.04128,20
2026-05-01 10:18:31.411549974,157.02285,157.04285,95
2026-05-01 10:18:32.110180007,157.021,157.041,9
2026-05-01 10:18:32.343868835,157.02049,157.04049,21
2026-05-01 10:18:32.549975931,157.01836,157.03836,8
2026-05-01 10:18:33.730906931,157.01839,157.03839,39
2026-05-01 10:18:34.459450892,157.01866,157.03866,37
2026-05-01 10:18:34.766010703,157.02025,157.04025,29
2026-05-01 10:18:34.858041461,157.02038,157.04038,83
2026-05-01 10:18:34.867307665,157.02142,157.04142,35
2026-05-01 10:18:35.462240232,157.022,157.042,38
2026-05-01 10:18:35.580854433,157.02157,157.04157,90
2026-05-01 10:18:37.729770701,157.02016,157.04016,75
2026-05-01 10:18:40.986703842,157.02043,157.04043,35
2026-05-01 10:18:41.411684631,157.01894,157.03894,68
2026-05-01 10:18:41.567476177,157.02024,157.04024,3
2026-05-01 10:18:42.131063170,157.02008,157.04008,12
2026-05-01 10:18:43.160546420,157.02127,157.04127,32
2026-05-01 10:18:43.334211185,157.02079,157.04079,47
2026-05-01 10:18:44.298701036,157.02106,157.04106,63
2026-05-01 10:18:44.650857100,157.02127,157.04127,26
2026-05-01 10:18:44.687294543,157.02122,157.04122,43
2026-05-01 10:18:45.482189103,157.02079,157.04079,77
2026-05-01 10:18:45.586356428,157.02118,157.04118,44
2026-05-01 10:18:45.807419843,157.02026,157.04026,38
2026-05-01 10:18:46.346707231,157.01905,157.03905,29
2026-05-01 10:18:46.632355225,157.02029,157.04029,55
2026-05-01 10:18:47.010336593,157.02102,157.04102,52
2026-05-01 10:18:47.612267227,157.02108,157.04108,19
2026-05-01 10:18:48.675086291,157.02275,157.04275,35
2026-05-01 10:18:48.693222714,157.02248,157.04248,48
2026-05-01 10:18:49.051478281,157.0238,157.0438,91
2026-05-01 10:18:49.698893852,157.02398,157.04398,60
2026-05-01 10:18:51.867961610,157.02295,157.04295,31
2026-05-01 10:18:52.096788678,157.0248,157.0448,3
2026-05-01 10:18:52.367098893,157.02579,157.04579,35
2026-05-01 10:18:53.075400119,157.02567,157.04567,88
2026-05-01 10:18:53.125307055,157.0264,157.0464,52
2026-05-01 10:18:54.003946145,157.026,157.046,71
2026-05-01 10:18:55.159392937,157.02682,157.04682,51
2026-05-01 10:18:57.274724414,157.02443,157.04443,56
2026-05-01 10:18:59.333341069,157.02341,157.04341,99
2026-05-01 10:18:59.637965035,157.02439,157.04439,21
2026-05-01 10:18:59.661043625,157.02414,157.04414,1
2026-05-01 10:19:01.345684997,157.02435,157.04435,53
2026-05-01 10:19:01.460341199,157.023,157.043,6
2026-05-01 10:19:01.956758110,157.02485,157.04485,98
2026-05-01 10:19:02.904696295,157.02604,157.04604,82
2026-05-01 10:19:04.138807219,157.02584,157.04584,62
2026-05-01 10:19:07.643170354,157.02544,157.04544,89
2026-05-01 10:19:08.344290297,157.02647,157.04647,79
2026-05-01 10:19:08.721696814,157.02845,157.04845,47
2026-05-01 10:19:09.597715443,157.0294,157.0494,96
2026-05-01 10:19:10.196113684,157.03157,157.05157,50
2026-05-01 10:19:11.134296238,157.03065,157.05065,82
2026-05-01 10:19:11.375364173,157.02983,157.04983,31
2026-05-01 10:19:12.179542534,157.02864,157.04864,64
2026-05-01 10:19:12.515771672,157.02909,157.04909,29
2026-05-01 10:19:13.624327030,157.02926,157.04926,15
2026-05-01 10:19:14.225084512,157.02911,157.04911,58
2026-05-01 10:19:14.630924062,157.02992,157.04992,23
2026-05-01 10:19:15.330822752,157.03115,157.05115,38
2026-05-01 10:19:16.893009925,157.02963,157.04963,41
2026-05-01 10:19:16.905887468,157.02903,157.04903,75
2026-05-01 10:19:17.136114175,157.02985,157.04985,15
2026-05-01 10:19:17.471251547,157.02938,157.04938,87
2026-05-01 10:19:17.817970205,157.02858,157.04858,3
2026-05-01 10:19:18.194113092,157.0296,157.0496,83
2026-05-01 10:19:19.087908149,157.02831,157.04831,1
2026-05-01 10:19:19.920167446,157.02801,157.04801,88
2026-05-01 10:19:20.775446220,157.02834,157.04834,75
2026-05-01 10:19:20.793268228,157.02777,157.04777,94
2026-05-01 10:19:21.812167598,157.02855,157.04855,11
2026-05-01 10:19:21.844980396,157.02798,157.04798,60
2026-05-01 10:19:22.423339437,157.02939,157.04939,65
2026-05-01 10:19:22.496405262,157.02926,157.04926,76
2026-05-01 10:19:23.726741481,157.02993,157.04993,4
2026-05-01 10:19:23.791395249,157.03068,157.05068,25
2026-05-01 10:19:24.034340906,157.03005,157.05005,72
2026-05-01 10:19:24.200783572,157.028,157.048,79
2026-05-01 10:19:25.648392376,157.02836,157.04836,43
2026-05-01 10:19:25.845647751,157.02843,157.04843,94
2026-05-01 10:19:27.720281336,157.02899,157.04899,40
2026-05-01 10:19:28.080521633,157.02876,157.04876,96
2026-05-01 10:19:29.988591415,157.02833,157.04833,99
2026-05-01 10:19:30.079670141,157.03034,157.05034,85
2026-05-01 10:19:30.482894377,157.02887,157.04887,95
2026-05-01 10:19:30.841963283,157.0296,157.0496,91
2026-05-01 10:19:31.095970967,157.02903,157.04903,44
2026-05-01 10:19:31.157868759,157.02869,157.04869,72
2026-05-01 10:19:31.438155421,157.02837,157.04837,59
2026-05-01 10:19:32.095122284,157.02757,157.04757,23
2026-05-01 10:19:32.899112237,157.02814,157.04814,62
2026-05-01 10:19:33.127874986,157.02953,157.04953,23
2026-05-01 10:19:33.737619467,157.03,157.05,58
2026-05-01 10:19:33.854425907,157.0301,157.0501,55
2026-05-01 10:19:36.152038150,157.02912,157.04912,33
2026-05-01 10:19:36.240660468,157.02964,157.04964,77
2026-05-01 10:19:37.371882612,157.03179,157.05179,63
2026-05-01 10:19:38.036669795,157.03141,157.05141,60
2026-05-01 10:19:38.091512580,157.03103,157.05103,99
2026-05-01 10:19:38.322788633,157.03047,157.05047,61
2026-05-01 10:19:38.848496730,157.02998,157.04998,80
2026-05-01 10:19:40.225886738,157.02724,157.04724,76
2026-05-01 10:19:40.308390863,157.02764,157.04764,61
2026-05-01 10:19:41.257835510,157.0268,157.0468,95
2026-05-01 10:19:42.131741205,157.02519,157.04519,69
2026-05-01 10:19:42.713745103,157.02594,157.04594,89
2026-05-01 10:19:42.747236082,157.02486,157.04486,21
2026-05-01 10:19:42.865271561,157.02452,157.04452,3
2026-05-01 10:19:43.627327164,157.02599,157.04599,48
2026-05-01 10:19:43.719809367,157.02458,157.04458,10
2026-05-01 10:19:44.582681228,157.02305,157.04305,87
2026-05-01 10:19:44.875620691,157.02331,157.04331,81
2026-05-01 10:19:45.885744712,157.02446,157.04446,42
2026-05-01 10:19:45.967777989,157.02289,157.04289,99
2026-05-01 10:19:46.062451783,157.0233,157.0433,89
2026-05-01 10:19:46.084863991,157.02388,157.04388,66
2026-05-01 10:19:46.666673251,157.02182,157.04182,91
2026-05-01 10:19:50.048329029,157.02262,157.04262,46
2026-05-01 10:19:50.667063694,157.02349,157.04349,9
2026-05-01 10:19:51.598377578,157.02318,157.04318,49
2026-05-01 10:19:53.386874149,157.02444,157.04444,4
2026-05-01 10:19:53.398414705,157.02557,157.04557,60
2026-05-01 10:19:53.576689175,157.02567,157.04567,90
2026-05-01 10:19:54.875246129,157.02522,157.04522,96
2026-05-01 10:19:56.531997190,157.02425,157.04425,29
2026-05-01 10:19:56.643865022,157.02421,157.04421,86
2026-05-01 10:19:56.851406771,157.02478,157.04478,47
2026-05-01 10:19:57.038378517,157.02446,157.04446,77
2026-05-01 10:19:57.240255043,157.02226,157.04226,87
2026-05-01 10:19:58.825538756,157.02353,157.04353,63
2026-05-01 10:19:59.077297180,157.02372,157.04372,31
2026-05-01 10:20:00.868813322,157.02334,157.04334,51
2026-05-01 10:20:01.173875641,157.0242,157.0442,41
2026-05-01 10:20:01.309763080,157.02572,157.04572,36
2026-05-01 10:20:01.393452231,157.02292,157.04292,40
2026-05-01 10:20:02.041289048,157.02335,157.04335,95
2026-05-01 10:20:02.062238979,157.02193,157.04193,60
2026-05-01 10:20:02.644411862,157.02243,157.04243,15
2026-05-01 10:20:02.701736886,157.02255,157.04255,78
2026-05-01 10:20:03.367067059,157.02319,157.04319,99
2026-05-01 10:20:04.713388807,157.02269,157.04269,88
2026-05-01 10:20:04.970632104,157.02082,157.04082,30
2026-05-01 10:20:05.874592265,157.02037,157.04037,30
2026-05-01 10:20:05.935841477,157.02077,157.04077,27
2026-05-01 10:20:06.479082992,157.02179,157.04179,40
2026-05-01 10:20:06.858357275,157.02062,157.04062,78
2026-05-01 10:20:08.265088651,157.02165,157.04165,45
2026-05-01 10:20:09.702295763,157.021,157.041,75
2026-05-01 10:20:09.744375787,157.02136,157.04136,47
2026-05-01 10:20:10.450302703,157.02085,157.04085,90
2026-05-01 10:20:11.066321518,157.02103,157.04103,56
2026-05-01 10:20:11.303369581,157.02192,157.04192,54
2026-05-01 10:20:11.605837255,157.0207,157.0407,85
2026-05-01 10:20:12.771968149,157.02002,157.04002,9
2026-05-01 10:20:13.305432906,157.0202,157.0402,65
2026-05-01 10:20:13.913148725,157.0226,157.0426,70
2026-05-01 10:20:14.995956467,157.02174,157.04174,1
2026-05-01 10:20:15.432041648,157.02378,157.04378,86
2026-05-01 10:20:15.601967898,157.02578,157.04578,13
2026-05-01 10:20:15.780936266,157.02569,157.04569,38
2026-05-01 10:20:15.786883442,157.02539,157.04539,45
2026-05-01 10:20:16.332454119,157.0247,157.0447,40
2026-05-01 10:20:17.215793762,157.02463,157.04463,95
2026-05-01 10:20:17.548083028,157.02322,157.04322,15
2026-05-01 10:20:17.965635665,157.02315,157.04315,50
2026-05-01 10:20:20.347776139,157.02464,157.04464,2
2026-05-01 10:20:21.877721917,157.02403,157.04403,53
2026-05-01 10:20:22.044685753,157.02379,157.04379,95
2026-05-01 10:20:22.256916630,157.02209,157.04209,26
2026-05-01 10:20:22.261187091,157.02246,157.04246,66
2026-05-01 10:20:23.143243565,157.02273,157.04273,75
2026-05-01 10:20:23.186927177,157.02279,157.04279,33
2026-05-01 10:20:25.027729275,157.02258,157.04258,82
2026-05-01 10:20:25.099016240,157.02228,157.04228,85
2026-05-01 10:20:27.330083387,157.02278,157.04278,59
2026-05-01 10:20:27.773690548,157.02276,157.04276,95
2026-05-01 10:20:27.818803635,157.02307,157.04307,26
2026-05-01 10:20:28.877534176,157.02329,157.04329,94
2026-05-01 10:20:29.100215849,157.02441,157.04441,21
2026-05-01 10:20:29.474040842,157.02509,157.04509,49
2026-05-01 10:20:29.531472024,157.02528,157.04528,80
2026-05-01 10:20:29.858685404,157.0268,157.0468,71
2026-05-01 10:20:30.390629208,157.02722,157.04722,86
2026-05-01 10:20:30.742097430,157.02852,157.04852,71
2026-05-01 10:20:30.803233686,157.02913,157.04913,66
2026-05-01 10:20:31.818961371,157.02729,157.04729,37
2026-05-01 10:20:31.937844576,157.02859,157.04859,14
2026-05-01 10:20:32.530155612,157.02873,157.04873,72
2026-05-01 10:20:33.168556796,157.02868,157.04868,93
2026-05-01 10:20:33.536720071,157.02896,157.04896,7
2026-05-01 10:20:36.083004311,157.02861,157.04861,38
2026-05-01 10:20:36.090858107,157.02884,157.04884,45
2026-05-01 10:20:36.196135479,157.02825,157.04825,22
2026-05-01 10:20:36.311920610,157.02952,157.04952,44
2026-05-01 10:20:37.172114575,157.02941,157.04941,81
2026-05-01 10:20:39.798725465,157.02903,157.04903,80
2026-05-01 10:20:40.703072651,157.0281,157.0481,97
2026-05-01 10:20:41.181807157,157.02837,157.04837,35
2026-05-01 10:20:42.171914013,157.02856,157.04856,60
2026-05-01 10:20:42.785612896,157.02894,157.04894,96
2026-05-01 10:20:43.852691623,157.02792,157.04792,3
2026-05-01 10:20:44.304370486,157.02632,157.04632,67
2026-05-01 10:20:47.053463352,157.02694,157.04694,72
2026-05-01 10:20:47.719104510,157.02843,157.04843,95
2026-05-01 10:20:48.289886122,157.0274,157.0474,55
2026-05-01 10:20:49.171562556,157.02899,157.04899,9
2026-05-01 10:20:49.376507902,157.02927,157.04927,69
2026-05-01 10:20:49.719437890,157.02927,157.04927,28
2026-05-01 10:20:51.083470577,157.02887,157.04887,15
2026-05-01 10:20:52.045794380,157.02748,157.04748,91
2026-05-01 10:20:52.538682504,157.02847,157.04847,31
2026-05-01 10:20:52.637276556,157.0277,157.0477,59
2026-05-01 10:20:52.875225716,157.02692,157.04692,82
2026-05-01 10:20:53.587214405,157.02791,157.04791,54
2026-05-01 10:20:55.438288835,157.02603,157.04603,68
2026-05-01 10:20:55.746723202,157.0245,157.0445,85
2026-05-01 10:20:56.389102065,157.02448,157.04448,47
2026-05-01 10:20:57.004689669,157.02478,157.04478,42
2026-05-01 10:20:57.459738453,157.02526,157.04526,23
2026-05-01 10:20:58.425251099,157.02496,157.04496,86
2026-05-01 10:20:58.451912760,157.02749,157.04749,65
2026-05-01 10:20:58.464348325,157.02726,157.04726,89
2026-05-01 10:20:58.838116274,157.02703,157.04703,54
2026-05-01 10:20:59.146347666,157.02623,157.04623,92
2026-05-01 10:21:00.886608938,157.02636,157.04636,11
2026-05-01 10:21:01.596759161,157.02697,157.04697,63
2026-05-01 10:21:02.181184975,157.02818,157.04818,22
2026-05-01 10:21:02.673206088,157.02669,157.04669,54
2026-05-01 10:21:03.539717145,157.02644,157.04644,89
2026-05-01 10:21:04.510552089,157.02689,157.04689,85
2026-05-01 10:21:04.840545373,157.02748,157.04748,36
2026-05-01 10:21:05.149770025,157.02748,157.04748,58
2026-05-01 10:21:06.410040614,157.02802,157.04802,20
2026-05-01 10:21:07.842873195,157.02722,157.04722,16
2026-05-01 10:21:08.599724382,157.02877,157.04877,92
2026-05-01 10:21:09.986302844,157.02977,157.04977,56
2026-05-01 10:21:10.165755080,157.02842,157.04842,93
2026-05-01 10:21:11.001830439,157.02735,157.04735,50
2026-05-01 10:21:12.112662069,157.0263,157.0463,90
2026-05-01 10:21:13.658045932,157.02698,157.04698,66
2026-05-01 10:21:14.475486792,157.02569,157.04569,74
2026-05-01 10:21:14.992238860,157.02536,157.04536,13
2026-05-01 10:21:15.196891730,157.02582,157.04582,15
2026-05-01 10:21:15.478484021,157.02575,157.04575,73
2026-05-01 10:21:15.505367202,157.02601,157.04601,27
2026-05-01 10:21:17.487140181,157.02494,157.04494,8
2026-05-01 10:21:17.564715214,157.02554,157.04554,70
2026-05-01 10:21:17.869211935,157.02492,157.04492,50
2026-05-01 10:21:21.858961462,157.0246,157.0446,88
2026-05-01 10:21:23.986889483,157.02484,157.04484,67
2026-05-01 10:21:24.844853508,157.02494,157.04494,26
2026-05-01 10:21:25.342482762,157.02497,157.04497,36
2026-05-01 10:21:25.521566791,157.02421,157.04421,21
2026-05-01 10:21:26.127912630,157.02391,157.04391,77
2026-05-01 10:21:27.655693256,157.02392,157.04392,52
2026-05-01 10:21:29.027789579,157.02254,157.04254,11
2026-05-01 10:21:29.483563162,157.02208,157.04208,8
2026-05-01 10:21:29.980211689,157.02247,157.04247,57
2026-05-01 10:21:30.093657302,157.02119,157.04119,46
2026-05-01 10:21:30.623441322,157.02235,157.04235,78
2026-05-01 10:21:30.640405736,157.02362,157.04362,97
2026-05-01 10:21:31.363274082,157.02237,157.04237,2
2026-05-01 10:21:31.425710487,157.02373,157.04373,64
2026-05-01 10:21:33.488769278,157.02358,157.04358,52
2026-05-01 10:21:33.546881015,157.024,157.044,65
2026-05-01 10:21:33.718383865,157.02351,157.04351,11
2026-05-01 10:21:34.544257164,157.02443,157.04443,6
2026-05-01 10:21:35.997239596,157.02484,157.04484,96
2026-05-01 10:21:37.142263674,157.02402,157.04402,79
2026-05-01 10:21:39.051518985,157.02286,157.04286,76
2026-05-01 10:21:40.142484916,157.0214,157.0414,64
2026-05-01 10:21:40.715295056,157.02158,157.04158,93
2026-05-01 10:21:40.734297441,157.02216,157.04216,55
2026-05-01 10:21:41.653084049,157.02281,157.04281,44
2026-05-01 10:21:42.421689928,157.02269,157.04269,86
2026-05-01 10:21:43.034059508,157.02153,157.04153,14
2026-05-01 10:21:44.275316649,157.02085,157.04085,83
2026-05-01 10:21:44.519609160,157.022,157.042,5
2026-05-01 10:21:44.769914018,157.02152,157.04152,99
2026-05-01 10:21:44.878076392,157.02166,157.04166,25
2026-05-01 10:21:45.001839971,157.02059,157.04059,50
2026-05-01 10:21:46.335132646,157.02092,157.04092,73
2026-05-01 10:21:46.356103408,157.02046,157.04046,71
2026-05-01 10:21:47.503560970,157.02151,157.04151,82
2026-05-01 10:21:47.620567847,157.02229,157.04229,2
2026-05-01 10:21:48.697903880,157.02179,157.04179,10
2026-05-01 10:21:48.807843965,157.02166,157.04166,2
2026-05-01 10:21:49.020952802,157.02111,157.04111,60
2026-05-01 10:21:49.087100428,157.01969,157.03969,45
2026-05-01 10:21:49.139763891,157.01883,157.03883,8
2026-05-01 10:21:49.536607673,157.01903,157.03903,58
2026-05-01 10:21:49.882539565,157.01936,157.03936,7
2026-05-01 10:21:51.248992958,157.01951,157.03951,99
2026-05-01 10:21:52.813321763,157.01921,157.03921,87
2026-05-01 10:21:54.900937822,157.02014,157.04014,72
2026-05-01 10:21:56.256397482,157.0202,157.0402,21
2026-05-01 10:21:56.432015055,157.0209,157.0409,97
2026-05-01 10:21:57.045066927,157.01913,157.03913,47
2026-05-01 10:22:00.512470944,157.01521,157.03521,1
2026-05-01 10:22:00.783814104,157.01549,157.03549,12
2026-05-01 10:22:00.896770263,157.01407,157.03407,75
2026-05-01 10:22:01.773316957,157.01386,157.03386,48
2026-05-01 10:22:03.452804269,157.01355,157.03355,94
2026-05-01 10:22:05.095450714,157.01514,157.03514,4
2026-05-01 10:22:05.122358761,157.01554,157.03554,34
2026-05-01 10:22:05.529528198,157.01571,157.03571,87
2026-05-01 10:22:06.418842513,157.01654,157.03654,32
2026-05-01 10:22:06.590291323,157.01691,157.03691,3
2026-05-01 10:22:06.970058040,157.01645,157.03645,92
2026-05-01 10:22:08.105167631,157.01753,157.03753,68
2026-05-01 10:22:08.229022562,157.01642,157.03642,57
2026-05-01 10:22:08.551339365,157.01674,157.03674,76
2026-05-01 10:22:09.353692901,157.01519,157.03519,24
2026-05-01 10:22:10.836465218,157.0154,157.0354,33
2026-05-01 10:22:10.952079783,157.01559,157.03559,3
2026-05-01 10:22:12.957087638,157.01727,157.03727,4
2026-05-01 10:22:13.408088645,157.0157,157.0357,30
2026-05-01 10:22:13.946558759,157.0151,157.0351,70
2026-05-01 10:22:13.993322401,157.01592,157.03592,49
2026-05-01 10:22:14.377292606,157.01626,157.03626,30
2026-05-01 10:22:15.783713062,157.01644,157.03644,72
2026-05-01 10:22:15.787021855,157.01548,157.03548,82
2026-05-01 10:22:16.656275288,157.01489,157.03489,16
2026-05-01 10:22:17.278118437,157.01614,157.03614,53
2026-05-01 10:22:17.594073830,157.01608,157.03608,6
